3330 5430
177 494 315 576 denique
347 491 490 558 chronici
521 489 685 574 paschalis
722 511 856 573 prorsus
887 489 1030 574 neglexi,
1063 489 1179 573 quippe
1213 511 1294 574 quae
1327 511 1344 552 e
1376 488 1478 553 latino

174 598 271 663 ldatii
286 614 432 663 sermone
448 597 576 661 demum
595 619 688 661 versa
708 596 759 679 sit,
778 597 920 679 itemque
940 599 1090 678 excerpta
1108 617 1189 678 quae
1208 595 1357 660 dicuntur
1376 594 1479 658 latina

173 704 322 787 Barbari,
346 703 423 786 quia
446 702 561 766 misere
585 702 763 786 depravata
786 705 818 765 et
840 702 1037 784 interpolata
1056 702 1177 767 nullius
1196 701 1262 766 fere
1282 701 1377 784 pretii
1396 703 1479 764 sunt.

260 809 404 875 Nomina
433 809 602 873 consulum
631 813 786 892 quantum
815 808 886 872 fieri
913 808 1021 890 potuit
1049 809 1143 890 plena
1171 808 1246 872 data
1275 810 1362 872 sunt:
1397 828 1478 889 quae

174 942 286 986 eorum
314 919 348 981 in
376 916 525 981 cancellis
555 916 719 1000 quadratis
743 914 868 978 inclusa
891 917 979 997 sunt,
1003 920 1059 979 aut
1082 916 1116 979 in
1138 914 1402 998 inscriptionibus
1426 913 1477 976 de·

175 1026 310 1090 siderari
333 1027 389 1088 aut
413 1023 599 1087 coniectura
621 1043 687 1085 non
711 1022 792 1085 satis
822 1023 910 1084 certa
933 1020 1029 1085 inniti
1054 1022 1143 1086 scias.
1188 1020 1373 1086 testimonia
1397 1041 1478 1102 quae

174 1134 206 1197 in
229 1131 411 1216 marginem
439 1128 567 1213 seposui
595 1149 728 1211 operam
756 1148 852 1209 quam
881 1127 1019 1191 maxime
1049 1128 1178 1210 quidem
1202 1127 1287 1211 dedi,
1309 1130 1346 1190 ut
1370 1125 1478 1190 omnia

173 1260 400 1322 proponerem,
428 1235 483 1299 sed
511 1256 546 1299 re
575 1256 651 1299 vera
679 1256 729 1298 me
757 1237 915 1317 quotquot
942 1233 1153 1299 innotuerunt
1181 1233 1305 1297 dedisse
1336 1232 1391 1317 qui
1418 1253 1476 1315 per

174 1366 262 1408 meas
295 1343 439 1407 rationes
472 1341 629 1424 spondere
662 1339 814 1424 possem?
867 1362 983 1405 moneo
1015 1342 1125 1405 tamen
1157 1362 1207 1404 me
1240 1341 1280 1404 ab
1312 1340 1374 1403 hac
1405 1338 1477 1423 lege

174 1450 337 1533 excepisse
361 1447 588 1531 inscriptiones
610 1447 795 1531 tegularum
819 1467 1015 1530 operumque
1039 1446 1256 1531 figulinarum,
1280 1468 1318 1509 ex
1341 1468 1475 1529 quarum

173 1556 378 1621 multitudine
410 1554 638 1619 innumerabili
670 1553 819 1638 inprimis
852 1553 892 1617 ad
925 1575 1028 1618 annos
1061 1555 1139 1637 123,
1171 1554 1249 1636 126,
1283 1554 1344 1617 134
1377 1553 1477 1638 selegi

173 1663 459 1744 memorabiliores,
478 1664 575 1744 atque
601 1661 689 1724 locos
714 1658 832 1723 codicis
852 1659 1033 1744 Iustiniani,
1052 1682 1197 1744 qnorum,
1217 1660 1244 1724 si
1258 1661 1366 1743 plures
1381 1681 1477 1743 quam

173 1773 327 1854 quattuor
348 1768 400 1833 vel
424 1767 564 1851 quinque
588 1769 692 1850 erant,
714 1787 882 1828 numerum
907 1765 1019 1829 afferre
1044 1766 1123 1830 satis
1141 1766 1249 1831 habui.
1290 1765 1478 1829 testimonia

172 1878 245 1960 ipsa
272 1876 334 1940 hoc
361 1875 472 1940 ordine
502 1895 571 1938 sese
599 1873 745 1955 excipere
773 1873 865 1955 iussi,
893 1875 930 1935 ut
958 1893 1039 1954 quae
1067 1894 1105 1937 ex
1132 1872 1227 1936 fastis
1252 1875 1284 1936 et
1306 1872 1477 1936 annalibus

174 1983 280 2047 Taciti
304 1986 399 2065 atque
422 1980 538 2044 Dionis
561 1980 664 2062 petita
688 1980 763 2042 sunt
786 1978 1021 2062 praecederent,
1045 1982 1115 2043 tum
1139 2001 1219 2063 quae
1243 1983 1370 2063 tempus
1394 1979 1477 2063 gesti

173 2088 358 2152 consulatus
379 2084 560 2150 accuratius
580 2084 747 2149 declarant
766 2084 876 2149 addita
894 2086 1014 2149 mensis
1034 2089 1066 2149 et
1084 2086 1147 2149 diei
1166 2089 1246 2150 nota
1266 2088 1477 2169 sequerentur

172 2194 269 2277 plena
291 2193 461 2274 descripta,
485 2212 602 2276 agmen
626 2191 765 2275 denique
789 2191 975 2255 clauderent
997 2192 1032 2255 in
1055 2193 1172 2276 quibus
1195 2193 1326 2258 nomina
1348 2194 1476 2256 tantum

173 2299 340 2365 consulum
361 2300 483 2361 extant.
528 2297 613 2361 inter
636 2319 718 2381 quae
736 2319 907 2361 numerum
926 2300 1056 2363 omnino
1076 2299 1251 2363 maximum
1271 2321 1340 2363 esse
1359 2306 1478 2382 eorum,

175 2427 257 2490 quae
280 2404 366 2469 binis
390 2407 519 2468 tantum
548 2403 735 2468 nominibus
765 2404 912 2468 consules
936 2408 1066 2489 notant,
1089 2406 1117 2469 is
1140 2427 1206 2469 non
1230 2404 1401 2469 mirabitur
1423 2403 1478 2486 qui

174 2511 382 2595 reputaverit,
406 2532 476 2574 eam
500 2511 658 2575 rationem
683 2533 803 2574 annum
827 2510 1040 2594 significandi,
1065 2512 1105 2575 ab
1130 2510 1324 2594 antiquitate
1349 2509 1476 2593 quidem

173 2619 401 2683 abhorrentem
416 2616 471 2681 sed
481 2617 516 2680 in
527 2616 677 2680 omnibus
687 2617 852 2681 laterculis
863 2617 993 2700 scriptis
1004 2618 1109 2682 adhuc
1120 2618 1256 2682 servatis
1268 2617 1478 2699 obtinentem,

173 2725 278 2789 medio
301 2725 367 2787 iam
390 2725 466 2805 post
489 2720 654 2786 Christum
683 2724 811 2787 saeculo
839 2723 945 2807 primo
975 2724 1118 2788 adhiberi
1147 2728 1293 2808 coeptam
1318 2746 1395 2788 esse.
1441 2726 1478 2787 ut

173 2852 249 2895 vero
269 2829 446 2914 legentium
465 2828 641 2893 commodis
662 2831 747 2892 omni
768 2852 806 2893 ex
825 2834 917 2913 parte
936 2832 1133 2910 inservirem,
1147 2832 1245 2913 locos,
1261 2831 1316 2895 ubi
1331 2830 1477 2895 consules

174 2936 323 3001 omnibus
353 2936 405 2999 vel
437 2935 551 2999 saltem
584 2936 731 3018 pluribus
761 2937 946 3000 nominibus
978 2937 1140 3020 dicuntur,
1170 2937 1289 3001 litteris
1320 2942 1356 2999 ut
1387 2936 1478 3000 aiunt

174 3041 384 3106 crassioribus
418 3041 643 3124 exprimendos
672 3042 791 3106 curavi.
837 3045 1005 3126 praeterea
1034 3043 1175 3107 breviter
1203 3043 1370 3127 adnotavi,
1392 3042 1476 3107 unde

173 3148 352 3214 accuratior
383 3148 501 3212 notitia
534 3148 620 3211 vitae
656 3170 827 3231 rerumque
865 3152 1030 3232 gestarum
1068 3151 1271 3234 singulorum
1309 3149 1476 3213 consulum

171 3255 295 3319 hauriri
318 3257 438 3338 posset.

261 3361 300 3425 In
324 3360 533 3425 adnotatione
562 3361 673 3426 critica
701 3384 797 3445 quam
826 3362 949 3427 subieci
976 3364 1061 3428 hanc
1090 3364 1177 3428 viam
1201 3364 1282 3427 mihi
1304 3364 1477 3429 ineundam

173 3490 242 3532 esse
271 3468 396 3550 putavi,
424 3469 461 3530 ut
489 3465 723 3550 discrepantias
751 3467 915 3532 fastorum
939 3469 972 3532 in
1001 3469 1163 3552 lapidibus
1193 3472 1394 3534 servatorum
1424 3490 1476 3532 ex·

172 3574 316 3638 hiberem
338 3573 492 3657 integras,
516 3573 661 3656 potiores
685 3577 792 3637 autem
812 3575 982 3639 titulorum
1002 3579 1035 3640 et
1053 3576 1237 3640 tabularum
1257 3575 1475 3640 consularium

174 3703 272 3744 manu
297 3680 499 3763 scriptarum.
545 3678 733 3762 inquibus,
761 3679 816 3743 ubi
844 3681 966 3745 variam
996 3681 1166 3746 lectionem
1190 3682 1320 3745 enotavi
1343 3682 1475 3767 nullam,

173 3808 211 3849 ea
234 3787 368 3850 nomina
390 3787 442 3850 vel
461 3787 656 3870 cognomina
674 3785 738 3870 legi
757 3790 869 3850 teneas
888 3788 975 3871 volo,
998 3810 1080 3870 quae
1100 3789 1133 3852 in
1153 3788 1287 3872 singulis
1308 3790 1475 3852 consulum

173 3892 339 3957 ordinibus
367 3893 507 3974 primum
535 3893 640 3956 locum
669 3892 827 3956 obtinent.
877 3914 917 3956 ne
945 3916 1020 3958 vero
1049 3895 1267 3960 adnotationis
1294 3896 1396 3958 moles
1424 3896 1476 3960 vel

172 3999 305 4063 eiciam
331 3999 439 4082 ampla
469 3998 670 4062 incommode
700 4002 883 4083 augeretur,
911 4000 1038 4083 neglexi
1062 4002 1194 4066 omnino
1217 4001 1354 4065 leviores
1378 4002 1476 4066 libra·

171 4107 292 4170 riorum
308 4127 431 4169 errores
446 4110 479 4169 et
494 4105 779 4190 orthographicam
795 4127 891 4188 quam
910 4106 1021 4171 dicunt
1040 4107 1073 4172 in
1092 4107 1268 4173 scribendis
1289 4109 1475 4174 nominibus

172 4212 400 4294 diversitatem,
423 4212 486 4275 nisi
511 4212 538 4274 si
561 4213 724 4295 propriam
751 4213 893 4297 aliquam
912 4213 1086 4278 utilitatem
1106 4215 1175 4279 visa
1194 4217 1270 4279 sunt
1288 4215 1475 4297 praebitura

171 4341 250 4382 esse.
288 4318 399 4381 eadem
419 4319 458 4382 de
478 4340 577 4383 causa
597 4320 774 4383 sententias
795 4320 1014 4403 antiquiorum
1034 4321 1177 4385 virorum
1198 4321 1374 4405 doctorum,
1395 4345 1475 4406 quas

171 4425 270 4488 falsas
295 4445 365 4487 esse
389 4428 446 4488 aut
468 4425 532 4488 iam
557 4425 674 4489 dudum
699 4426 897 4508 patefactum
922 4431 971 4490 est
990 4431 1047 4491 aut
1066 4428 1279 4510 scriptoribus
1298 4429 1473 4511 lapidibus·

171 4552 230 4613 que
260 4528 346 4594 inter
374 4553 407 4594 se
435 4531 632 4614 comparatis
660 4554 745 4596 nunc
773 4531 868 4597 facile
896 4533 1042 4618 intellegi
1070 4537 1191 4618 potest,
1225 4535 1261 4601 in
1289 4535 1474 4599 universum

170 4638 271 4701 tacui:
295 4636 328 4700 id
352 4636 438 4720 quod
460 4636 532 4702 ideo
556 4637 618 4702 hoc
641 4638 714 4703 loeo
738 4639 829 4721 addo,
853 4643 889 4703 ut
908 4661 962 4704 eas
981 4662 1032 4704 me
1052 4662 1117 4707 non
1137 4645 1205 4708 tam
1224 4641 1358 4708 latuisse
1377 4663 1474 4728 quam

171 4764 222 4806 me
245 4765 299 4808 eas
324 4744 474 4808 consulto
498 4745 646 4811 reiecisse
671 4746 865 4814 memineris.
