3330 5430
724 344 931 389 ...Ἦ-

266 485 412 569 Denique
441 507 513 549 cum
545 486 766 570 praevideam,
795 508 965 550 numerum
996 507 1106 551 sonim
1138 486 1192 569 qui
1220 486 1306 550 hunc
1337 487 1481 551 libellum

176 597 281 658 totum
305 594 476 677 perlegant
499 591 649 676 exiguum
673 592 751 675 fore,
774 593 878 657 multo
903 597 1012 656 autem
1035 593 1191 657 maiorem
1213 615 1332 677 eornm,
1356 593 1411 677 qui
1429 592 1482 657 hic

176 700 243 763 illic
266 721 339 763 eum
363 698 542 781 consulant,
565 701 630 762 tres
655 697 762 762 addidi
785 697 907 762 indices
930 699 1204 781 locupletissimos
1229 722 1248 762 a
1271 698 1480 781 memetipso

181 806 355 871 confectos.
392 825 528 887 quorum
542 804 664 886 primus
684 808 734 867 911
748 805 980 887 imperatorum
994 805 1170 886 domusque
1185 826 1305 888 eornm,
1325 803 1481 868 secundus

178 916 210 976 et
232 912 347 976 tertius
363 911 620 994 complectuntur
635 912 769 975 nomina
783 916 816 975 et
836 912 1029 996 cognomina
1052 913 1268 995 privatorum,
1291 912 1374 976 unde
1397 934 1480 975 unus

181 1019 315 1101 quisque
338 1018 428 1081 nullo
451 1018 582 1101 negotio
606 1017 723 1081 certior
745 1017 818 1101 fiat,
841 1019 973 1102 quinam
1002 1019 1151 1083 consules
1181 1019 1359 1101 quibusque
1388 1018 1481 1080 annis

180 1128 417 1189 recenseantur.

266 1263 377 1329 Habes
409 1264 510 1328 libelli
543 1265 712 1328 consilium
745 1287 783 1329 ac
814 1265 974 1331 rationem
1007 1290 1026 1330 a
1059 1290 1109 1331 me
1141 1267 1300 1350 exposita,
1334 1269 1371 1329 ut
1402 1264 1479 1347 quid

177 1375 343 1455 praestare
375 1370 531 1435 voluerim
560 1392 600 1434 ne
632 1371 762 1455 ignores
796 1394 876 1437 neve
904 1374 977 1457 plus
1009 1376 1157 1458 expectes
1189 1395 1285 1456 quam
1316 1374 1481 1455 praestare

179 1479 350 1563 potuerim.
386 1477 451 1540 iam
475 1477 575 1561 igitur
595 1479 702 1561 accipe
722 1478 841 1542 librum
860 1481 966 1562 ipsum
986 1480 1107 1544 editum
1127 1480 1254 1564 qualem
1274 1479 1367 1542 edere
1382 1476 1482 1559 potui.

182 1589 215 1649 et
234 1585 262 1649 si
280 1588 387 1649 tecum
407 1584 616 1668 reputaveris,
641 1585 696 1668 qui
715 1589 748 1650 et
767 1589 905 1668 quantus
924 1587 1017 1650 labor
1035 1588 1141 1665 fuerit,
1165 1586 1254 1649 cuius
1278 1585 1331 1648 vix
1351 1583 1482 1647 dimidia

181 1714 257 1774 pars
281 1691 394 1754 lectori
417 1691 588 1775 perspicua
611 1694 673 1774 est,
696 1691 835 1776 benigne
857 1691 997 1757 fortasse
1019 1693 1185 1758 iudicabis

270 1866 357 1930 Dum
379 1867 507 1931 libellus
530 1868 620 1950 prelo
644 1869 813 1954 premitur,
837 1871 1009 1934 subnatum
1034 1872 1084 1933 cst
1106 1869 1168 1933 hoc
1192 1868 1408 1934 addendorum
1430 1867 1481 1930 'vel

175 1974 440 2058 corrigendorum
464 1974 681 2058 spicilegium:

250 2168 276 2219 p.
298 2150 445 2217 7,61111.
466 2149 539 2203 crit.
560 2148 645 2201 adde:
667 2147 787 2200 ‘Taurus
807 2164 862 2202 cos.
881 2148 894 2200 Ι
912 2148 967 2202 fuit
985 2165 1009 2202 a.
1030 2148 1102 2203 717’.

247 2257 277 2307 p.
298 2245 339 2305 11,
356 2245 370 2293 7
390 2238 462 2291 adn.
483 2236 559 2291 crit.
579 2237 664 2290 adde:
685 2236 861 2305 ‘Mommsen
880 2237 998 2291 Hermes
1017 2239 1037 2290 t.
1058 2244 1073 2290 3
1092 2256 1119 2306 p.
1140 2244 1173 2291 70
1192 2255 1218 2290 n.
1240 2238 1275 2290 1’.

246 2346 272 2396 p.
293 2333 327 2381 36
346 2326 562 2380 testimoniis
582 2326 618 2379 ad
638 2343 662 2380 a.
682 2325 942 2397 808619111911111
962 2328 1005 2379 est
1027 2324 1128 2379 titulus
1147 2324 1272 2380 thracius
1292 2325 1427 2394 (Bullotin
1447 2327 1481 2379 119

175 2434 294 2485 corresp.
314 2416 607 2485 1191191.4,1880,ρ.
628 2419 702 2484 512):
728 2415 860 2486 [Nerorw]
886 2415 1002 2469 Cursore
1024 2416 1096 2485 Aup.
1122 2421 1147 2469 ct
1168 2415 1292 2469 1111111119
1322 2415 1412 2468 Vetere
1431 2432 1481 2468 cos.

247 2523 274 2574 p.
290 2512 332 2572 51,
348 2513 363 2560 7
383 2505 454 2558 adn.
475 2504 549 2558 crit.
570 2503 691 2558 excidit:
708 2503 753 2556 ‘de
768 2502 907 2571 prioribus
921 2503 1031 2558 Nervae
1046 2503 1237 2558 consulatibus
1252 2521 1276 2557 v.
1293 2521 1316 2556 a.
1334 2510 1366 2558 71
1382 2505 1480 2559 9190’.

244 2611 270 2662 p.
292 2599 334 2660 60,
354 2599 370 2647 5
389 2593 462 2646 adn.
482 2591 555 2646 crit.
576 2592 625 2659 eis,
645 2608 715 2659 quae
735 2592 769 2646 de
788 2593 914 2661 tempore
941 2592 1024 2662 primi
1050 2593 1211 2647 consulatus
1229 2592 1296 2646 Veri
1315 2591 1391 2646 dicta
1410 2594 1482 2660 sunt,

173 2684 246 2737 adde
263 2699 345 2750 nunc,
365 2698 435 2750 quae
455 2683 474 2735 Ι.
493 2680 607 2734 Asbach
626 2680 725 2735 Rhein.
744 2681 815 2736 Mus.
836 2687 869 2735 36
888 2699 915 2750 ρ.
935 2687 969 2735 46
989 2681 1052 2738 adn.
1073 2690 1085 2735 1
1108 2680 1272 2750 disputavit.

226 2829 233 2834 ⁸
248 2790 274 2841 p.
290 2779 323 2825 63
344 2771 380 2824 ad
398 2787 422 2825 a.
443 2775 494 2825 879
513 2771 727 2824 testimoniis
748 2771 782 2824 de
801 2768 892 2824 Annio
907 2769 981 2824 Vero
996 2773 1039 2824 ter
1053 2771 1166 2825 consule
1181 2771 1325 2825 addendus
1340 2773 1383 2824 est
1403 2770 1483 2839 Capi·

179 2860 283 2915 19111111
298 2878 323 2916 v.
338 2859 426 2914 Marci
442 2865 465 2928 1,
480 2866 495 2912 2
516 2858 645 2914 certatim
660 2861 800 2914 correctus
819 2877 836 2913 a
853 2859 953 2914 Petero
968 2861 998 2914 et
1010 2859 1209 2929 Petschenigio
1224 2859 1483 2928 Sitzungsbcrichto

179 2950 228 3004 der
246 2949 327 3004 wien.
346 2948 430 3003 Acad.
450 2947 599 3017 phil-hist.
620 2948 654 3002 cl.
674 2956 716 3015 93,
738 2955 815 3016 1879,
834 2967 860 3018 p.
879 2954 939 3003 391.

247 3056 273 3107 p.
295 3044 328 3092 55
346 3037 474 3093 testim.
494 3039 531 3091 ad
549 3055 574 3092 a.
594 3042 647 3092 889
665 3038 732 3107 post
752 3035 870 3090 ‘Civica'
892 3035 997 3089 excidit
1017 3036 1106 3088 ‘cos.'.

246 3144 272 3195 p.
293 3132 335 3193 67,
355 3133 370 3179 2
390 3128 462 3181 adn.
483 3126 557 3181 crit.
576 3124 688 3194 paginis
709 3130 813 3178 67-80
832 3123 889 3177 iem
909 3122 1046 3193 expressis
1065 3123 1154 3176 fastos
1174 3141 1213 3192 gr.
1234 3123 1300 3176 XIII
1319 3127 1347 3178 et
1365 3126 1429 3180 XIV
1449 3146 1482 3181 cx

174 3215 318 3269 codicibus
336 3215 416 3267 Laur.
441 3216 471 3268 et
492 3213 569 3267 Leid.
594 3214 749 3282 descriptos
775 3214 893 3266 nanctus
918 3229 986 3264 sum.
1023 3212 1097 3264 unde
1121 3229 1220 3266 moneo
1244 3214 1326 3266 notas
1350 3219 1481 3269 accontus

175 3307 204 3359 et
223 3303 339 3374 spiritus
358 3302 451 3356 ubivis
471 3302 605 3356 delendas
624 3317 693 3354 9119.

246 3411 273 3462 p.
294 3399 336 3458 67,
357 3398 373 3446 5
392 3392 464 3444 adn.
486 3392 561 3444 crit.
582 3389 758 3443 scribendum
776 3387 831 3442 fuit
849 3394 989 3465 Antonios
1009 3385 1035 3462 β’
1056 3407 1106 3458 pro
1124 3385 1264 3457 Ἀντώνιος
1284 3389 1424 3460 δεύτερος.

247 3499 272 3550 p.
293 3487 335 3548 58,
358 3489 368 3533 1
393 3480 465 3534 adn.
487 3479 560 3532 crit.
579 3495 630 3548 pro
647 3473 789 3539 Ἀντώνιος
807 3480 898 3546 τρίτος
917 3477 1007 3531 scribe
1027 3485 1166 3540 Αντωνιος
1185 3474 1223 3546 γ’.

245 3588 272 3639 p.
294 3577 326 3624 72
345 3568 472 3622 testim.
493 3568 530 3621 ad
549 3584 573 3620 a.
589 3573 641 3621 994
654 3568 720 3635 post
736 3564 942 3636 ‘Waddington
956 3567 1055 3620 Fastes
1069 3584 1096 3620 n.
1114 3567 1175 3621 149’
1197 3567 1268 3621 adde
1285 3567 1400 3621 ‘Annali
1417 3569 1482 3621 uell'

175 3660 243 3712 Inst.
264 3665 305 3725 24,
327 3663 404 3724 1862,
423 3676 450 3727 p.
470 3664 521 3711 276
542 3682 575 3702 =
594 3654 753 3709 Wilmanns
772 3656 863 3710 2817’.
884 3687 917 3695 —
937 3654 1042 3709 ibidem
1062 3656 1125 3709 adn.
1149 3655 1208 3710 crit.
1234 3663 1249 3709 2
1269 3655 1420 3725 legendum
1440 3659 1483 3710 911

177 3750 321 3819 Potidaion
341 3763 391 3815 pro
412 3748 564 3815 Γαλορίων.

246 3855 273 3905 p.
294 3842 335 3904 74,
357 3842 370 3888 1
391 3835 463 3889 adn.
484 3833 557 3887 crit.
584 3833 647 3902 lege
673 3836 826 3902 Τερτυλλος
848 3848 899 3901 pro
925 3830 1079 3900 Τέρτιλλος.
1104 3865 1136 3874 -
1161 3832 1268 3887 ibidem
1292 3834 1356 3888 adn.
1381 3833 1441 3888 crib.
1467 3842 1482 3888 5

176 3925 238 3993 lege
259 3928 369 3993 Οαρρος
387 3941 438 3993 pro
458 3927 576 3993 Οαρνος.

247 4031 274 4082 p.
295 4020 337 4079 77,
359 4021 371 4067 1
393 4013 466 4067 adn.
486 4011 559 4066 crit.
581 4010 671 4064 scribe
691 4014 836 4065 Hovltroc
855 4027 905 4079 pro
926 4012 1061 4065 Πολλίων.

247 4121 274 4171 p.
296 4109 341 4168 78,
362 4109 377 4155 2
397 4103 471 4156 adn.
496 4100 569 4158 crit.
595 4099 684 4154 scribe
709 4105 895 4167 Anottvootoc
917 4111 968 4170 pro
988 4096 1200 4170 Ἆπολλινοίριος.
1226 4133 1258 4140 -
1282 4099 1386 4153 ibidem
1411 4101 1482 4153 adn.

177 4191 252 4246 crit.
273 4199 289 4246 5
309 4192 394 4246 adde:
415 4194 541 4267 Σςυηρος
560 4210 609 4244 και
628 4193 784 4259 Ερενιανος
802 4190 887 4244 Fasti·
903 4208 944 4261 pr.
965 4190 1057 4244 ΧΙΙΙ.

247 4299 274 4350 p.
296 4286 371 4348 79,,1
396 4279 467 4334 adn.
493 4279 567 4334 crit.
592 4278 707 4333 excidit:
729 4278 828 4333 ‘Orfito
857 4278 961 4346 (Orfino
984 4279 1012 4332 B
1037 4279 1177 4348 Prospere)
1204 4279 1234 4331 91
1257 4276 1380 4329 Maximo
1400 4277 1483 4331 Fasti

175 4387 236 4425 mss.
256 4371 303 4424 191.
324 4358 776 4438 Ορφητος11111Μ11ξιμοξΓ1119Ι
793 4386 834 4438 pr.
856 4368 944 4421 XIII
948 4368 966 4420 '.

249 4477 277 4528 p.
297 4463 339 4526 86,
359 4465 374 4512 3
395 4458 467 4512 adn.
488 4457 564 4512 crit.
580 4458 664 4511 adde:
687 4455 809 4518 ‘Sossios
824 4458 900 4511 tituli
912 4457 967 4512 cluo
980 4471 1126 4510 suessanus
1139 4454 1165 4507 I.
1179 4454 1216 4507 N.
1232 4458 1304 4507 4040
1319 4459 1343 4507 91
1360 4454 1484 4507 urbanus

177 4547 206 4603 0.
227 4548 252 4600 I.
273 4548 307 4602 L.
328 4552 354 4614 6,
373 4551 446 4602 1137
451 4564 477 4602 c:
497 4548 598 4601 eodem
615 4547 698 4600 modo
717 4547 845 4600 auctores
864 4544 938 4600 inter
957 4561 986 4598 se
1006 4543 1143 4598 dissident
1161 4542 1192 4595 in
1211 4541 1358 4596 scribendo
1372 4540 1483 4595 nominc

175 4637 300 4691 consulis
320 4636 386 4690 anni
406 4638 511 4708 722132,
530 4636 579 4690 ubi
598 4636 684 4690 vide'.
