3330 5430
652 1477 1000 1552 PRAEFATIO.

774 1656 881 1664 ...—

239 1720 242 1727 ¹
266 1746 357 1821 Quod
383 1745 497 1831 seriem
521 1745 690 1810 consulum
713 1744 787 1808 inde
812 1740 998 1807 aansaris
1021 1761 1098 1803 nece
1122 1759 1222 1820 usque
1247 1738 1286 1800 ad
1310 1737 1481 1820 imperium

175 1851 370 1916 Diocletiani
393 1852 562 1915 restituere
591 1853 726 1915 conatus
751 1871 836 1932 sum,
864 1870 931 1912 non
960 1845 1110 1909 inutilem
1133 1845 1276 1909 laborem
1301 1844 1480 1926 suscepisse

177 1957 258 2020 mihi
286 1956 406 2019 videor.
456 1979 595 2040 namque
623 1957 717 2021 fastis
747 1954 972 2021 consularibus
1002 1952 1119 2016 aetatis
1147 1951 1389 2034 imperatoriae,
1417 1972 1480 2032 quo

178 2062 274 2126 modo
298 2062 375 2125 editi
394 2062 469 2146 sint,
492 2063 635 2126 virorum
656 2063 822 2127 doctorum
842 2059 915 2125 usui
934 2081 1048 2142 parum
1066 2061 1274 2140 prospectum
1294 2077 1362 2119 esse
1385 2077 1480 2119 nemo

178 2167 320 2250 negabit,
344 2168 399 2251 qui
423 2154 565 2252 aliquam
588 2168 705 2233 horum
728 2168 909 2232 studiorum
932 2165 1084 2230 notitiam
1107 2164 1237 2246 habeat,
1261 2165 1293 2226 et
1312 2161 1482 2247 Borghesii

177 2296 258 2358 opus
285 2273 445 2338 fastorum
479 2274 699 2338 consularium
728 2274 871 2356 doctum,
899 2271 1059 2356 luppiter,
1090 2272 1123 2334 et
1151 2269 1363 2347 laboriosum,
1391 2269 1482 2332 cuius

177 2380 350 2444 editionem
379 2380 420 2444 ab
450 2381 613 2445 academia
640 2380 816 2445 Parisiensi
844 2379 952 2463 parari
979 2381 1093 2442 notum
1118 2381 1181 2461 est,
1209 2398 1309 2471 usque
1333 2375 1481 2440 adhunc

176 2487 261 2549 diem
284 2489 499 2569 exspectatur.
545 2488 610 2551 iam
639 2487 694 2571 qui
721 2486 829 2570 prodit
856 2476 988 2549 libellus
1011 2486 1208 2567 quantopere
1233 2504 1252 2546 a
1274 2481 1481 2565 perfectionis

174 2593 267 2656 laude
296 2592 481 2672 abhorreat,
510 2595 650 2677 perbene
683 2593 795 2656 sentio.
848 2591 875 2655 si
903 2591 1031 2674 quidem
1060 2589 1206 2653 mihimet
1234 2589 1304 2672 ipse
1333 2588 1481 2653 conscius

176 2721 261 2781 sum,
290 2699 366 2762 novi
389 2698 455 2762 fere
482 2700 564 2762 nihil
592 2721 612 2763 a
638 2720 689 2761 me
718 2698 834 2762 afferri.
885 2696 1071 2795 ceterpquin
1099 2696 1168 2760 noli
1196 2694 1341 2759 oblivisci
1370 2717 1421 2758 me
1449 2695 1482 2759 id

177 2805 322 2868 omnium
350 2805 487 2868 maxime
516 2806 636 2889 egisse,
663 2808 699 2868 ut
726 2803 917 2868 testimonia
945 2804 1113 2867 auctorum
1143 2805 1176 2865 et
1197 2806 1480 2866 monumentorum

180 2909 419 2994 sententiasque
437 2911 580 2974 virorum
599 2911 767 2974 doctorum
786 2908 873 2972 haud
891 2931 965 2972 raro
984 2909 1068 2972 inter
1087 2930 1120 2972 se
1141 2908 1370 2992 discrepantes,
1390 2930 1481 2992 quae,

175 3019 211 3079 ut
244 3020 319 3079 sunt
345 3015 396 3079 hic
424 3016 492 3080 illic
520 3017 698 3100 dispersae,
729 3015 904 3079 maximam
938 3017 1063 3097 partem
1093 3014 1162 3078 sine
1190 3014 1297 3078 fructu
1325 3014 1481 3100 latebant,
1535 3078 1539 3086 ,

176 3121 371 3205 colligerem,
386 3144 451 3186 uno
465 3122 499 3185 in
513 3127 689 3206 conspectu
703 3143 866 3205 ponerem,
881 3120 1098 3184 diiudicarem.
1136 3120 1251 3203 quodsi
1269 3121 1317 3185 ita
1332 3122 1480 3186 effectum

175 3231 233 3310 est,
261 3231 297 3291 ut
325 3229 381 3311 qui
408 3250 515 3292 rerum
543 3251 750 3294 romanarum
779 3227 895 3292 studiis
924 3227 1024 3292 dediti
1054 3231 1141 3311 sunt,
1169 3227 1342 3311 praecipue
1370 3232 1478 3292 autem

175 3333 230 3416 qui
250 3333 295 3397 eis
315 3355 447 3417 operam
467 3327 543 3399 dare
553 3328 730 3419 incipiunt,
749 3336 814 3399 iam
830 3333 946 3399 stabile
962 3356 1024 3418 quo
1039 3335 1220 3398 innitantur
1234 3333 1479 3399 fundamentum

175 3441 341 3523 reperiant
358 3463 448 3526 neve,
467 3445 503 3505 ut
523 3441 625 3506 adhuc
645 3441 773 3525 saepius
793 3464 874 3525 opus
889 3443 967 3525 erat,
987 3443 1059 3505 acta
1077 3441 1201 3525 agendo
1221 3444 1349 3525 tempus
1364 3445 1480 3524 terant,

176 3547 323 3629 equidem
347 3569 480 3630 prorsus
502 3548 536 3612 id
560 3550 645 3633 quod
669 3548 758 3614 volui
781 3551 970 3613 consecutus
995 3569 1074 3611 sum.
1465 3616 1470 3625 ,

264 3653 358 3717 Nunc
381 3654 447 3718 iam
470 3656 581 3737 paucis
605 3677 774 3741 exponam,
798 3677 860 3738 quo
884 3654 980 3718 modo
1003 3675 1071 3719 rem
1090 3652 1297 3717 instituerim.
1338 3655 1479 3737 primum

174 3780 214 3822 ne
239 3760 385 3841 opusculi
404 3761 581 3826 auctoritas
599 3762 723 3853 incerta
743 3761 837 3824 certis
857 3759 1021 3825 miscendo
1039 3759 1245 3843 minueretur,
1269 3781 1285 3822 e
1309 3762 1478 3824 consulum

175 3866 381 3930 suffectorum
417 3888 550 3932 numero
588 3889 642 3932 eos
679 3866 901 3931 tantummodo
934 3865 1054 3950 recepi,
1093 3888 1230 3950 quorum
1261 3869 1389 3950 tempus
1423 3871 1479 3931 aut

175 3975 323 4036 accurate
355 3973 510 4036 traditum
549 3978 599 4038 est
636 3977 692 4038 aut
724 3973 886 4056 probabili
919 3972 1034 4037 saltem
1072 3973 1256 4038 coniectura
1288 3974 1479 4058 investigari

173 4080 295 4161 potest3
325 4080 472 4143 consules
500 4085 609 4144 autem
637 4080 838 4164 designatos,
865 4101 946 4163 quos
975 4102 1100 4145 summo
1129 4081 1322 4166 magistratu
1351 4082 1478 4146 functos

174 4206 244 4249 esse
272 4185 367 4247 certis
395 4186 589 4250 testimoniis
617 4187 791 4251 memoriae
818 4185 981 4270 proditum
1009 4191 1162 4272 nonest,
1191 4189 1320 4253 silentio
1349 4188 1477 4271 quidem

173 4290 476 4375 praetermittendos
499 4315 581 4363 non,
588 4293 700 4376 putavi
725 4293 781 4356 sed
805 4292 833 4354 ei
858 4314 942 4356 anno
967 4292 1205 4376 adscribendos,
1228 4317 1291 4377 quo
1316 4295 1477 4379 designati

172 4397 363 4462 referuntur.
415 4418 479 4479 qua
511 4398 549 4460 de
578 4420 616 4475 re
649 4420 743 4483 spero
776 4398 1002 4483 intellegentes
1035 4403 1131 4483 atque
1165 4422 1265 4482 aeque
1297 4400 1475 4464 iudicantes

173 4504 254 4568 mihi
278 4504 471 4568 adsensuros
496 4526 574 4567 esse.
615 4505 724 4568 norint
749 4505 842 4588 enim,
865 4505 942 4569 licet
964 4505 1051 4569 haud
1073 4528 1176 4590 pauca
1199 4528 1280 4590 quae
1303 4507 1367 4571 viri
1390 4507 1477 4571 docti

173 4609 211 4673 de
230 4611 313 4674 veris
333 4610 518 4674 nominibus
534 4611 699 4675 consulum
716 4612 923 4676 suffectorum
938 4612 1070 4677 annisve
1086 4613 1200 4696 quibus
1215 4614 1320 4677 fasces
1334 4614 1477 4678 rexerint

173 4715 362 4800 indagandis
377 4717 593 4802 protulerunt,
611 4739 677 4781 non
690 4718 796 4782 minus
811 4717 977 4802 ingeniose
997 4721 1181 4804 excogitata
1200 4741 1296 4804 quam
1316 4720 1476 4806 sagaciter
