<?xml version="1.0" encoding="UTF-8"?>
<!DOCTYPE html PUBLIC "-//W3C//DTD XHTML 1.0 Transitional//EN"
    "http://www.w3.org/TR/xhtml1/DTD/xhtml1-transitional.dtd">
<html xmlns="http://www.w3.org/1999/xhtml" xml:lang="en" lang="en">
 <head>
  <title>
</title>
<meta http-equiv="Content-Type" content="text/html;charset=utf-8" />
  <meta name='ocr-system' content='tesseract 3.04.00' />
  <meta name='ocr-capabilities' content='ocr_page ocr_carea ocr_par ocr_line ocrx_word'/>
</head>
<body>
  <div class='ocr_page' id='page_1' title='image "./fasticonsulares00kleigoog_0009.png"; bbox 0 0 3330 5430; ppageno 0'>
   <div class='ocr_carea' id='block_1_1' title="bbox 136 455 1479 2787">
    <p class='ocr_par' dir='ltr' id='par_1_1' title="bbox 172 455 1479 1178">
     <span class='ocr_line' id='line_1_1' title="bbox 173 455 1477 539; baseline 0.002 -22"><span class='ocrx_word' id='word_1_1' title='bbox 173 455 337 538; x_wconf 90' lang='lat' dir='ltr'>disputata</span> <span class='ocrx_word' id='word_1_2' title='bbox 361 477 429 518; x_wconf 88' lang='lat' dir='ltr'>esse</span> <span class='ocrx_word' id='word_1_3' title='bbox 454 455 692 519; x_wconf 90' lang='lat' dir='ltr'>concedendum</span> <span class='ocrx_word' id='word_1_4' title='bbox 716 457 771 538; x_wconf 90' lang='lat' dir='ltr'>sit,</span> <span class='ocrx_word' id='word_1_5' title='bbox 794 459 903 520; x_wconf 90' lang='lat' dir='ltr'>tamen</span> <span class='ocrx_word' id='word_1_6' title='bbox 928 456 1025 539; x_wconf 88' lang='lat' dir='ltr'>longe</span> <span class='ocrx_word' id='word_1_7' title='bbox 1049 457 1190 539; x_wconf 86' lang='lat' dir='ltr'>plurima</span> <span class='ocrx_word' id='word_1_8' title='bbox 1213 479 1323 520; x_wconf 92' lang='lat' dir='ltr'>eorum</span> <span class='ocrx_word' id='word_1_9' title='bbox 1348 458 1380 519; x_wconf 92' lang='lat' dir='ltr'>in</span> <span class='ocrx_word' id='word_1_10' title='bbox 1406 480 1477 521; x_wconf 90' lang='lat' dir='ltr'>eon-</span> 
     </span>
     <span class='ocr_line' id='line_1_2' title="bbox 172 561 1479 647; baseline 0.002 -23"><span class='ocrx_word' id='word_1_11' title='bbox 172 562 296 625; x_wconf 90' lang='lat' dir='ltr'>iectura</span> <span class='ocrx_word' id='word_1_12' title='bbox 322 561 441 643; x_wconf 84' lang='lat' dir='ltr'>posita.</span> <span class='ocrx_word' id='word_1_13' title='bbox 458 583 527 625; x_wconf 92' lang='lat' dir='ltr'>esse</span> <span class='ocrx_word' id='word_1_14' title='bbox 556 563 635 625; x_wconf 89' lang='lat' dir='ltr'>satis</span> <span class='ocrx_word' id='word_1_15' title='bbox 662 563 786 626; x_wconf 90' lang='lat' dir='ltr'>ineerta</span> <span class='ocrx_word' id='word_1_16' title='bbox 814 566 847 625; x_wconf 92' lang='lat' dir='ltr'>et</span> <span class='ocrx_word' id='word_1_17' title='bbox 874 584 976 645; x_wconf 92' lang='lat' dir='ltr'>paene</span> <span class='ocrx_word' id='word_1_18' title='bbox 1005 564 1114 626; x_wconf 87' lang='lat' dir='ltr'>omnia</span> <span class='ocrx_word' id='word_1_19' title='bbox 1143 563 1190 627; x_wconf 86' lang='lat' dir='ltr'>ita</span> <span class='ocrx_word' id='word_1_20' title='bbox 1218 568 1419 647; x_wconf 89' lang='lat' dir='ltr'>comparata,</span> <span class='ocrx_word' id='word_1_21' title='bbox 1443 567 1479 626; x_wconf 93' lang='lat' dir='ltr'>ut</span> 
     </span>
     <span class='ocr_line' id='line_1_3' title="bbox 173 666 1478 753; baseline 0.003 -24"><span class='ocrx_word' id='word_1_22' title='bbox 173 666 260 730; x_wconf 86' lang='lat' dir='ltr'>felici</span> <span class='ocrx_word' id='word_1_23' title='bbox 275 688 351 729; x_wconf 90' lang='lat' dir='ltr'>casu</span> <span class='ocrx_word' id='word_1_24' title='bbox 365 666 596 752; x_wconf 88' lang='lat' dir='ltr'>fortunatoque</span> <span class='ocrx_word' id='word_1_25' title='bbox 612 670 720 753; x_wconf 89' lang='lat' dir='ltr'>ligone</span> <span class='ocrx_word' id='word_1_26' title='bbox 735 669 842 752; x_wconf 91' lang='lat' dir='ltr'>potius</span> <span class='ocrx_word' id='word_1_27' title='bbox 858 691 953 751; x_wconf 91' lang='lat' dir='ltr'>quam</span> <span class='ocrx_word' id='word_1_28' title='bbox 970 669 1248 752; x_wconf 73' lang='lat' dir='ltr'>argumentatione</span> <span class='ocrx_word' id='word_1_29' title='bbox 1264 670 1478 734; x_wconf 87' lang='lat' dir='ltr'>subtilissima</span> 
     </span>
     <span class='ocr_line' id='line_1_4' title="bbox 173 773 1478 859; baseline 0.004 -24"><span class='ocrx_word' id='word_1_30' title='bbox 173 773 213 835; x_wconf 93' lang='lat' dir='ltr'>ad</span> <span class='ocrx_word' id='word_1_31' title='bbox 246 773 403 856; x_wconf 91' lang='lat' dir='ltr'>liquidum</span> <span class='ocrx_word' id='word_1_32' title='bbox 436 775 659 855; x_wconf 79' lang='lat' dir='ltr'>perducantur.</span> <span class='ocrx_word' id='word_1_33' title='bbox 714 775 837 838; x_wconf 88' lang='lat' dir='ltr'>accedit</span> <span class='ocrx_word' id='word_1_34' title='bbox 870 775 955 859; x_wconf 92' lang='lat' dir='ltr'>quod</span> <span class='ocrx_word' id='word_1_35' title='bbox 987 775 1155 838; x_wconf 87' lang='lat' dir='ltr'>consulum</span> <span class='ocrx_word' id='word_1_36' title='bbox 1194 775 1400 839; x_wconf 86' lang='lat' dir='ltr'>suffectorum</span> <span class='ocrx_word' id='word_1_37' title='bbox 1432 800 1478 840; x_wconf 91' lang='lat' dir='ltr'>re·</span> 
     </span>
     <span class='ocr_line' id='line_1_5' title="bbox 175 879 1478 966; baseline 0.002 -23"><span class='ocrx_word' id='word_1_38' title='bbox 175 902 307 944; x_wconf 88' lang='lat' dir='ltr'>censum</span> <span class='ocrx_word' id='word_1_39' title='bbox 327 879 436 964; x_wconf 87' lang='lat' dir='ltr'>aliqua</span> <span class='ocrx_word' id='word_1_40' title='bbox 455 904 492 944; x_wconf 90' lang='lat' dir='ltr'>ex</span> <span class='ocrx_word' id='word_1_41' title='bbox 512 886 602 964; x_wconf 90' lang='lat' dir='ltr'>parte</span> <span class='ocrx_word' id='word_1_42' title='bbox 622 883 753 965; x_wconf 91' lang='lat' dir='ltr'>plenum</span> <span class='ocrx_word' id='word_1_43' title='bbox 771 903 874 964; x_wconf 90' lang='lat' dir='ltr'>neque</span> <span class='ocrx_word' id='word_1_44' title='bbox 894 882 962 945; x_wconf 89' lang='lat' dir='ltr'>sine</span> <span class='ocrx_word' id='word_1_45' title='bbox 977 883 1216 945; x_wconf 89' lang='lat' dir='ltr'>commentariis</span> <span class='ocrx_word' id='word_1_46' title='bbox 1236 882 1352 965; x_wconf 87' lang='lat' dir='ltr'>amplis</span> <span class='ocrx_word' id='word_1_47' title='bbox 1367 904 1478 966; x_wconf 90' lang='lat' dir='ltr'>neque,</span> 
     </span>
     <span class='ocr_line' id='line_1_6' title="bbox 173 987 1476 1072; baseline 0.004 -24"><span class='ocrx_word' id='word_1_48' title='bbox 173 989 347 1069; x_wconf 85' lang='lat' dir='ltr'>antequam</span> <span class='ocrx_word' id='word_1_49' title='bbox 368 1008 483 1069; x_wconf 88' lang='lat' dir='ltr'>corpus</span> <span class='ocrx_word' id='word_1_50' title='bbox 503 988 749 1069; x_wconf 84' lang='lat' dir='ltr'>inscriptionum</span> <span class='ocrx_word' id='word_1_51' title='bbox 768 987 944 1050; x_wconf 89' lang='lat' dir='ltr'>latinarum</span> <span class='ocrx_word' id='word_1_52' title='bbox 969 988 1152 1051; x_wconf 88' lang='lat' dir='ltr'>absolutum</span> <span class='ocrx_word' id='word_1_53' title='bbox 1174 989 1223 1071; x_wconf 87' lang='lat' dir='ltr'>sit,</span> <span class='ocrx_word' id='word_1_54' title='bbox 1242 989 1352 1070; x_wconf 88' lang='lat' dir='ltr'>perfici</span> <span class='ocrx_word' id='word_1_55' title='bbox 1371 1011 1476 1072; x_wconf 88' lang='lat' dir='ltr'>posse,</span> 
     </span>
     <span class='ocr_line' id='line_1_7' title="bbox 172 1092 633 1178; baseline 0.009 -24"><span class='ocrx_word' id='word_1_56' title='bbox 172 1113 229 1175; x_wconf 92' lang='lat' dir='ltr'>per</span> <span class='ocrx_word' id='word_1_57' title='bbox 253 1112 286 1154; x_wconf 90' lang='lat' dir='ltr'>se</span> <span class='ocrx_word' id='word_1_58' title='bbox 310 1092 403 1155; x_wconf 85' lang='lat' dir='ltr'>facile</span> <span class='ocrx_word' id='word_1_59' title='bbox 427 1092 633 1178; x_wconf 88' lang='lat' dir='ltr'>intellegitur.</span> 
     </span>
    </p>

    <p class='ocr_par' dir='ltr' id='par_1_2' title="bbox 136 1198 1479 2787">
     <span class='ocr_line' id='line_1_8' title="bbox 262 1198 1477 1285; baseline 0.002 -24"><span class='ocrx_word' id='word_1_60' title='bbox 262 1199 301 1261; x_wconf 94' lang='lat' dir='ltr'>In</span> <span class='ocrx_word' id='word_1_61' title='bbox 324 1198 403 1280; x_wconf 90' lang='lat' dir='ltr'>ipsis</span> <span class='ocrx_word' id='word_1_62' title='bbox 428 1198 594 1262; x_wconf 88' lang='lat' dir='ltr'>consulum</span> <span class='ocrx_word' id='word_1_63' title='bbox 619 1199 740 1263; x_wconf 90' lang='lat' dir='ltr'>tabulis</span> <span class='ocrx_word' id='word_1_64' title='bbox 763 1198 992 1280; x_wconf 85' lang='lat' dir='ltr'>componendis</span> <span class='ocrx_word' id='word_1_65' title='bbox 1016 1221 1086 1262; x_wconf 87' lang='lat' dir='ltr'>eam</span> <span class='ocrx_word' id='word_1_66' title='bbox 1106 1200 1185 1263; x_wconf 92' lang='lat' dir='ltr'>mihi</span> <span class='ocrx_word' id='word_1_67' title='bbox 1204 1201 1308 1284; x_wconf 88' lang='lat' dir='ltr'>legem</span> <span class='ocrx_word' id='word_1_68' title='bbox 1328 1202 1477 1285; x_wconf 84' lang='lat' dir='ltr'>imposui,</span> 
     </span>
     <span class='ocr_line' id='line_1_9' title="bbox 174 1304 1474 1389; baseline 0.004 -23"><span class='ocrx_word' id='word_1_69' title='bbox 174 1308 209 1367; x_wconf 92' lang='lat' dir='ltr'>ut</span> <span class='ocrx_word' id='word_1_70' title='bbox 231 1325 308 1386; x_wconf 90' lang='lat' dir='ltr'>prae</span> <span class='ocrx_word' id='word_1_71' title='bbox 337 1304 451 1367; x_wconf 87' lang='lat' dir='ltr'>ceteris</span> <span class='ocrx_word' id='word_1_72' title='bbox 480 1306 665 1369; x_wconf 88' lang='lat' dir='ltr'>auctoritati</span> <span class='ocrx_word' id='word_1_73' title='bbox 692 1306 850 1370; x_wconf 86' lang='lat' dir='ltr'>fastorum</span> <span class='ocrx_word' id='word_1_74' title='bbox 879 1305 1041 1387; x_wconf 89' lang='lat' dir='ltr'>lapidibus</span> <span class='ocrx_word' id='word_1_75' title='bbox 1073 1306 1315 1388; x_wconf 83' lang='lat' dir='ltr'>inscriptorum,</span> <span class='ocrx_word' id='word_1_76' title='bbox 1345 1305 1474 1389; x_wconf 83' lang='lat' dir='ltr'>Capito-</span> 
     </span>
     <span class='ocr_line' id='line_1_10' title="bbox 172 1410 1478 1496; baseline 0.002 -23"><span class='ocrx_word' id='word_1_77' title='bbox 172 1410 314 1474; x_wconf 92' lang='lat' dir='ltr'>linorum</span> <span class='ocrx_word' id='word_1_78' title='bbox 342 1411 412 1474; x_wconf 90' lang='lat' dir='ltr'>dico</span> <span class='ocrx_word' id='word_1_79' title='bbox 442 1414 474 1474; x_wconf 91' lang='lat' dir='ltr'>et</span> <span class='ocrx_word' id='word_1_80' title='bbox 502 1413 663 1476; x_wconf 91' lang='lat' dir='ltr'>minorum</span> <span class='ocrx_word' id='word_1_81' title='bbox 691 1412 844 1494; x_wconf 89' lang='lat' dir='ltr'>aliorum,</span> <span class='ocrx_word' id='word_1_82' title='bbox 868 1434 948 1496; x_wconf 89' lang='lat' dir='ltr'>quos</span> <span class='ocrx_word' id='word_1_83' title='bbox 971 1433 1105 1476; x_wconf 92' lang='lat' dir='ltr'>numero</span> <span class='ocrx_word' id='word_1_84' title='bbox 1128 1411 1336 1476; x_wconf 80' lang='lat' dir='ltr'>Henneniano</span> <span class='ocrx_word' id='word_1_85' title='bbox 1361 1414 1478 1496; x_wconf 90' lang='lat' dir='ltr'>ubique</span> 
     </span>
     <span class='ocr_line' id='line_1_11' title="bbox 174 1517 1479 1601; baseline 0.002 -21"><span class='ocrx_word' id='word_1_86' title='bbox 174 1517 282 1581; x_wconf 89' lang='lat' dir='ltr'>addito</span> <span class='ocrx_word' id='word_1_87' title='bbox 311 1517 454 1599; x_wconf 84' lang='lat' dir='ltr'>laudavi,</span> <span class='ocrx_word' id='word_1_88' title='bbox 486 1539 647 1600; x_wconf 82' lang='lat' dir='ltr'>parerem,</span> <span class='ocrx_word' id='word_1_89' title='bbox 680 1519 746 1591; x_wconf 77' lang='grc'>111111</span> <span class='ocrx_word' id='word_1_90' title='bbox 764 1521 873 1581; x_wconf 87' lang='lat' dir='ltr'>autem</span> <span class='ocrx_word' id='word_1_91' title='bbox 897 1519 926 1581; x_wconf 91' lang='lat' dir='ltr'>ei</span> <span class='ocrx_word' id='word_1_92' title='bbox 955 1518 1122 1601; x_wconf 87' lang='lat' dir='ltr'>deficiunt,</span> <span class='ocrx_word' id='word_1_93' title='bbox 1155 1519 1280 1583; x_wconf 88' lang='lat' dir='ltr'>titulos·</span> <span class='ocrx_word' id='word_1_94' title='bbox 1298 1520 1374 1582; x_wconf 89' lang='lat' dir='ltr'>anni</span> <span class='ocrx_word' id='word_1_95' title='bbox 1401 1524 1479 1583; x_wconf 90' lang='lat' dir='ltr'>nota</span> 
     </span>
     <span class='ocr_line' id='line_1_12' title="bbox 174 1623 1478 1709; baseline 0.002 -23"><span class='ocrx_word' id='word_1_96' title='bbox 174 1627 350 1687; x_wconf 87' lang='lat' dir='ltr'>instructos</span> <span class='ocrx_word' id='word_1_97' title='bbox 374 1627 469 1707; x_wconf 85' lang='lat' dir='ltr'>atque</span> <span class='ocrx_word' id='word_1_98' title='bbox 493 1623 666 1688; x_wconf 85' lang='lat' dir='ltr'>laterculos</span> <span class='ocrx_word' id='word_1_99' title='bbox 696 1626 879 1688; x_wconf 88' lang='lat' dir='ltr'>consulares</span> <span class='ocrx_word' id='word_1_100' title='bbox 908 1625 1046 1706; x_wconf 89' lang='lat' dir='ltr'>scriptos</span> <span class='ocrx_word' id='word_1_101' title='bbox 1071 1646 1220 1709; x_wconf 88' lang='lat' dir='ltr'>sequerer</span> <span class='ocrx_word' id='word_1_102' title='bbox 1243 1625 1347 1689; x_wconf 90' lang='lat' dir='ltr'>duces.</span> <span class='ocrx_word' id='word_1_103' title='bbox 1378 1627 1478 1689; x_wconf 88' lang='lat' dir='ltr'>inter</span> 
     </span>
     <span class='ocr_line' id='line_1_13' title="bbox 136 1729 1479 1814; baseline 0.002 -22"><span class='ocrx_word' id='word_1_104' title='bbox 136 1735 138 1739; x_wconf 84' lang='lat'>&#39;</span> <span class='ocrx_word' id='word_1_105' title='bbox 174 1751 229 1792; x_wconf 90' lang='lat' dir='ltr'>cos</span> <span class='ocrx_word' id='word_1_106' title='bbox 257 1729 352 1793; x_wconf 88' lang='lat' dir='ltr'>facile</span> <span class='ocrx_word' id='word_1_107' title='bbox 380 1729 558 1813; x_wconf 90' lang='lat' dir='ltr'>principem</span> <span class='ocrx_word' id='word_1_108' title='bbox 590 1732 697 1794; x_wconf 91' lang='lat' dir='ltr'>locum</span> <span class='ocrx_word' id='word_1_109' title='bbox 731 1732 856 1795; x_wconf 90' lang='lat' dir='ltr'>obtinet</span> <span class='ocrx_word' id='word_1_110' title='bbox 884 1729 1158 1814; x_wconf 78' lang='lat' dir='ltr'>Chronographus</span> <span class='ocrx_word' id='word_1_111' title='bbox 1191 1732 1266 1794; x_wconf 90' lang='lat' dir='ltr'>anni</span> <span class='ocrx_word' id='word_1_112' title='bbox 1295 1732 1374 1813; x_wconf 79' lang='lat'>354,</span> <span class='ocrx_word' id='word_1_113' title='bbox 1403 1733 1479 1814; x_wconf 92' lang='lat' dir='ltr'>quia</span> 
     </span>
     <span class='ocr_line' id='line_1_14' title="bbox 174 1836 1478 1919; baseline 0.001 -20"><span class='ocrx_word' id='word_1_114' title='bbox 174 1836 285 1900; x_wconf 87' lang='lat' dir='ltr'>multis</span> <span class='ocrx_word' id='word_1_115' title='bbox 309 1836 388 1900; x_wconf 89' lang='lat' dir='ltr'>locis</span> <span class='ocrx_word' id='word_1_116' title='bbox 414 1836 502 1900; x_wconf 88' lang='lat' dir='ltr'>solus</span> <span class='ocrx_word' id='word_1_117' title='bbox 530 1859 639 1901; x_wconf 83' lang='lat' dir='ltr'>veram</span> <span class='ocrx_word' id='word_1_118' title='bbox 666 1838 834 1902; x_wconf 88' lang='lat' dir='ltr'>nominum</span> <span class='ocrx_word' id='word_1_119' title='bbox 863 1836 1057 1919; x_wconf 89' lang='lat' dir='ltr'>scripturam</span> <span class='ocrx_word' id='word_1_120' title='bbox 1076 1837 1223 1906; x_wconf 84' lang='lat' dir='ltr'>exhibet.</span> <span class='ocrx_word' id='word_1_121' title='bbox 1271 1838 1310 1901; x_wconf 90' lang='lat' dir='ltr'>ad</span> <span class='ocrx_word' id='word_1_122' title='bbox 1335 1837 1478 1902; x_wconf 92' lang='lat' dir='ltr'>codicum</span> 
     </span>
     <span class='ocr_line' id='line_1_15' title="bbox 174 1941 1479 2030; baseline 0.002 -26"><span class='ocrx_word' id='word_1_123' title='bbox 174 1964 272 2005; x_wconf 90' lang='lat' dir='ltr'>manu</span> <span class='ocrx_word' id='word_1_124' title='bbox 296 1941 491 2024; x_wconf 90' lang='lat' dir='ltr'>scriptorum</span> <span class='ocrx_word' id='word_1_125' title='bbox 516 1944 610 2007; x_wconf 88' lang='lat' dir='ltr'>fidem</span> <span class='ocrx_word' id='word_1_126' title='bbox 630 1944 751 2026; x_wconf 90' lang='lat' dir='ltr'>optime</span> <span class='ocrx_word' id='word_1_127' title='bbox 771 1943 875 2007; x_wconf 90' lang='lat' dir='ltr'>editus</span> <span class='ocrx_word' id='word_1_128' title='bbox 895 1948 945 2007; x_wconf 90' lang='lat' dir='ltr'>cst</span> <span class='ocrx_word' id='word_1_129' title='bbox 964 1966 982 2007; x_wconf 88' lang='lat' dir='ltr'>a</span> <span class='ocrx_word' id='word_1_130' title='bbox 1001 1941 1204 2008; x_wconf 86' lang='lat' dir='ltr'>Mommseno</span> <span class='ocrx_word' id='word_1_131' title='bbox 1225 1941 1402 2030; x_wconf 82' lang='lat' dir='ltr'>(Abhandl.</span> <span class='ocrx_word' id='word_1_132' title='bbox 1422 1945 1479 2006; x_wconf 92' lang='lat' dir='ltr'>der</span> 
     </span>
     <span class='ocr_line' id='line_1_16' title="bbox 177 2048 1479 2137; baseline 0.002 -26"><span class='ocrx_word' id='word_1_133' title='bbox 177 2048 281 2112; x_wconf 81' lang='grc'><strong>111111.</strong></span> <span class='ocrx_word' id='word_1_134' title='bbox 306 2067 370 2131; x_wconf 89' lang='lat' dir='ltr'>ges.</span> <span class='ocrx_word' id='word_1_135' title='bbox 395 2049 451 2112; x_wconf 90' lang='lat' dir='ltr'>der</span> <span class='ocrx_word' id='word_1_136' title='bbox 474 2050 557 2114; x_wconf 89' lang='lat' dir='ltr'>wiss.</span> <span class='ocrx_word' id='word_1_137' title='bbox 581 2049 748 2133; x_wconf 91' lang='lat' dir='ltr'>hist-phil.</span> <span class='ocrx_word' id='word_1_138' title='bbox 773 2051 810 2114; x_wconf 89' lang='lat' dir='ltr'>cl.</span> <span class='ocrx_word' id='word_1_139' title='bbox 837 2050 984 2133; x_wconf 79' lang='grc'><strong>1,]811,</strong></span> <span class='ocrx_word' id='word_1_140' title='bbox 1007 2052 1198 2137; x_wconf 74' lang='lat' dir='ltr'>philea),</span> <span class='ocrx_word' id='word_1_141' title='bbox 1226 2051 1281 2134; x_wconf 91' lang='lat' dir='ltr'>qui</span> <span class='ocrx_word' id='word_1_142' title='bbox 1305 2051 1343 2114; x_wconf 92' lang='grc'>11</span> <span class='ocrx_word' id='word_1_143' title='bbox 1367 2051 1479 2114; x_wconf 89' lang='lat' dir='ltr'>eodem</span> 
     </span>
     <span class='ocr_line' id='line_1_17' title="bbox 175 2152 1479 2241; baseline 0 -23"><span class='ocrx_word' id='word_1_144' title='bbox 175 2154 256 2218; x_wconf 84' lang='lat' dir='ltr'>dixit</span> <span class='ocrx_word' id='word_1_145' title='bbox 280 2153 320 2218; x_wconf 90' lang='lat' dir='ltr'>ad</span> <span class='ocrx_word' id='word_1_146' title='bbox 344 2152 378 2219; x_wconf 80' lang='lat' dir='ltr'>(l.</span> <span class='ocrx_word' id='word_1_147' title='bbox 402 2154 426 2218; x_wconf 91' lang='grc'>1.</span> <span class='ocrx_word' id='word_1_148' title='bbox 449 2154 484 2220; x_wconf 92' lang='lat' dir='ltr'>L.</span> <span class='ocrx_word' id='word_1_149' title='bbox 511 2158 526 2219; x_wconf 93' lang='lat'>1</span> <span class='ocrx_word' id='word_1_150' title='bbox 552 2179 582 2239; x_wconf 92' lang='lat' dir='ltr'>p.</span> <span class='ocrx_word' id='word_1_151' title='bbox 601 2157 676 2221; x_wconf 87' lang='grc'><strong>483.</strong></span> <span class='ocrx_word' id='word_1_152' title='bbox 721 2155 976 2241; x_wconf 81' lang='lat' dir='ltr'>Chronographo</span> <span class='ocrx_word' id='word_1_153' title='bbox 995 2158 1098 2221; x_wconf 94' lang='lat' dir='ltr'>multo</span> <span class='ocrx_word' id='word_1_154' title='bbox 1117 2157 1287 2222; x_wconf 80' lang='lat' dir='ltr'>inferiores</span> <span class='ocrx_word' id='word_1_155' title='bbox 1308 2161 1383 2220; x_wconf 91' lang='lat' dir='ltr'>sunt</span> <span class='ocrx_word' id='word_1_156' title='bbox 1402 2156 1479 2219; x_wconf 82' lang='lat' dir='ltr'>fasti</span> 
     </span>
     <span class='ocr_line' id='line_1_18' title="bbox 174 2258 1478 2346; baseline 0.002 -23"><span class='ocrx_word' id='word_1_157' title='bbox 174 2260 270 2324; x_wconf 87' lang='lat' dir='ltr'>ldatii</span> <span class='ocrx_word' id='word_1_158' title='bbox 290 2263 323 2322; x_wconf 90' lang='lat' dir='ltr'>ct</span> <span class='ocrx_word' id='word_1_159' title='bbox 341 2258 507 2345; x_wconf 82' lang='lat' dir='ltr'>Prosperi3</span> <span class='ocrx_word' id='word_1_160' title='bbox 529 2284 669 2346; x_wconf 88' lang='lat' dir='ltr'>namque</span> <span class='ocrx_word' id='word_1_161' title='bbox 689 2285 754 2326; x_wconf 90' lang='lat' dir='ltr'>non</span> <span class='ocrx_word' id='word_1_162' title='bbox 775 2264 878 2326; x_wconf 91' lang='lat' dir='ltr'>solum</span> <span class='ocrx_word' id='word_1_163' title='bbox 900 2263 1028 2327; x_wconf 87' lang='lat' dir='ltr'>saeculo</span> <span class='ocrx_word' id='word_1_164' title='bbox 1048 2262 1244 2327; x_wconf 86' lang='lat' dir='ltr'>recentiores</span> <span class='ocrx_word' id='word_1_165' title='bbox 1265 2265 1350 2345; x_wconf 86' lang='lat' dir='ltr'>sunt,</span> <span class='ocrx_word' id='word_1_166' title='bbox 1369 2285 1478 2326; x_wconf 91' lang='lat' dir='ltr'>verum</span> 
     </span>
     <span class='ocr_line' id='line_1_19' title="bbox 174 2366 1479 2452; baseline 0.002 -23"><span class='ocrx_word' id='word_1_167' title='bbox 174 2367 272 2430; x_wconf 90' lang='lat' dir='ltr'>etiam</span> <span class='ocrx_word' id='word_1_168' title='bbox 301 2367 342 2430; x_wconf 90' lang='lat' dir='ltr'>ab</span> <span class='ocrx_word' id='word_1_169' title='bbox 372 2366 468 2430; x_wconf 92' lang='lat' dir='ltr'>huius</span> <span class='ocrx_word' id='word_1_170' title='bbox 500 2367 689 2452; x_wconf 86' lang='lat' dir='ltr'>integritate</span> <span class='ocrx_word' id='word_1_171' title='bbox 723 2369 851 2452; x_wconf 88' lang='lat' dir='ltr'>longius</span> <span class='ocrx_word' id='word_1_172' title='bbox 880 2369 1043 2433; x_wconf 88' lang='lat' dir='ltr'>recedunt.</span> <span class='ocrx_word' id='word_1_173' title='bbox 1093 2369 1196 2434; x_wconf 91' lang='lat' dir='ltr'>nihilo</span> <span class='ocrx_word' id='word_1_174' title='bbox 1228 2373 1339 2433; x_wconf 89' lang='lat' dir='ltr'>tamen</span> <span class='ocrx_word' id='word_1_175' title='bbox 1372 2369 1479 2431; x_wconf 89' lang='lat' dir='ltr'>minus</span> 
     </span>
     <span class='ocr_line' id='line_1_20' title="bbox 174 2461 1479 2556; baseline 0.001 -20"><span class='ocrx_word' id='word_1_176' title='bbox 174 2473 269 2537; x_wconf 93' lang='lat' dir='ltr'>ambo</span> <span class='ocrx_word' id='word_1_177' title='bbox 293 2473 327 2535; x_wconf 91' lang='lat' dir='ltr'>in</span> <span class='ocrx_word' id='word_1_178' title='bbox 349 2461 483 2537; x_wconf 86' lang='lat' dir='ltr'>censum</span> <span class='ocrx_word' id='word_1_179' title='bbox 509 2474 618 2537; x_wconf 90' lang='lat' dir='ltr'>vocari</span> <span class='ocrx_word' id='word_1_180' title='bbox 648 2469 821 2556; x_wconf 81' lang='lat' dir='ltr'>debebant,</span> <span class='ocrx_word' id='word_1_181' title='bbox 850 2475 925 2556; x_wconf 90' lang='lat' dir='ltr'>quia</span> <span class='ocrx_word' id='word_1_182' title='bbox 953 2495 991 2538; x_wconf 92' lang='grc'>11</span> <span class='ocrx_word' id='word_1_183' title='bbox 1021 2475 1093 2538; x_wconf 90' lang='grc'><strong>11111</strong></span> <span class='ocrx_word' id='word_1_184' title='bbox 1117 2474 1261 2538; x_wconf 90' lang='lat' dir='ltr'>fontibus</span> <span class='ocrx_word' id='word_1_185' title='bbox 1286 2497 1360 2538; x_wconf 91' lang='lat' dir='ltr'>suos</span> <span class='ocrx_word' id='word_1_186' title='bbox 1384 2475 1479 2538; x_wconf 90' lang='lat' dir='ltr'>later-</span> 
     </span>
     <span class='ocr_line' id='line_1_21' title="bbox 173 2578 1478 2665; baseline 0 -23"><span class='ocrx_word' id='word_1_187' title='bbox 173 2579 262 2643; x_wconf 91' lang='lat' dir='ltr'>culos</span> <span class='ocrx_word' id='word_1_188' title='bbox 288 2580 506 2662; x_wconf 90' lang='lat' dir='ltr'>compilarunt</span> <span class='ocrx_word' id='word_1_189' title='bbox 530 2581 563 2643; x_wconf 92' lang='lat' dir='ltr'>et</span> <span class='ocrx_word' id='word_1_190' title='bbox 586 2579 778 2663; x_wconf 90' lang='lat' dir='ltr'>aliquotiens</span> <span class='ocrx_word' id='word_1_191' title='bbox 798 2581 861 2644; x_wconf 90' lang='grc'><strong>1111</strong></span> <span class='ocrx_word' id='word_1_192' title='bbox 880 2584 976 2664; x_wconf 89' lang='lat' dir='ltr'>atque</span> <span class='ocrx_word' id='word_1_193' title='bbox 996 2578 1268 2665; x_wconf 86' lang='lat' dir='ltr'>Ohronographus</span> <span class='ocrx_word' id='word_1_194' title='bbox 1288 2581 1420 2644; x_wconf 90' lang='lat' dir='ltr'>nomina</span> <span class='ocrx_word' id='word_1_195' title='bbox 1439 2580 1478 2643; x_wconf 90' lang='lat' dir='ltr'>ad</span> 
     </span>
     <span class='ocr_line' id='line_1_22' title="bbox 175 2685 1478 2787; baseline 0 -39"><span class='ocrx_word' id='word_1_196' title='bbox 175 2707 277 2749; x_wconf 90' lang='lat' dir='ltr'>annos</span> <span class='ocrx_word' id='word_1_197' title='bbox 302 2685 476 2769; x_wconf 87' lang='lat' dir='ltr'>signandos</span> <span class='ocrx_word' id='word_1_198' title='bbox 500 2685 687 2787; x_wconf 57' lang='lat' dir='ltr'>elegerunt3</span> <span class='ocrx_word' id='word_1_199' title='bbox 717 2686 833 2770; x_wconf 91' lang='lat' dir='ltr'>quibus</span> <span class='ocrx_word' id='word_1_200' title='bbox 853 2687 1009 2751; x_wconf 89' lang='lat' dir='ltr'>accedunt</span> <span class='ocrx_word' id='word_1_201' title='bbox 1027 2687 1090 2751; x_wconf 89' lang='lat' dir='ltr'>duo</span> <span class='ocrx_word' id='word_1_202' title='bbox 1110 2687 1270 2751; x_wconf 86' lang='lat' dir='ltr'>fastorum</span> <span class='ocrx_word' id='word_1_203' title='bbox 1289 2708 1478 2771; x_wconf 86' lang='lat' dir='ltr'>graecorum</span> 
     </span>
    </p>
   </div>
   <div class='ocr_carea' id='block_1_2' title="bbox 173 2784 1480 3194">
    <p class='ocr_par' dir='ltr' id='par_1_3' title="bbox 173 2784 1480 3194">
     <span class='ocr_line' id='line_1_23' title="bbox 174 2784 1480 2878; baseline 0 -23"><span class='ocrx_word' id='word_1_204' title='bbox 174 2792 329 2875; x_wconf 89' lang='lat' dir='ltr'>exempla,</span> <span class='ocrx_word' id='word_1_205' title='bbox 352 2792 393 2855; x_wconf 90' lang='lat' dir='ltr'>ab</span> <span class='ocrx_word' id='word_1_206' title='bbox 417 2791 512 2855; x_wconf 88' lang='lat' dir='ltr'>annis</span> <span class='ocrx_word' id='word_1_207' title='bbox 538 2792 600 2856; x_wconf 88' lang='grc'>138</span> <span class='ocrx_word' id='word_1_208' title='bbox 626 2797 658 2856; x_wconf 92' lang='grc'>11</span> <span class='ocrx_word' id='word_1_209' title='bbox 682 2794 746 2857; x_wconf 90' lang='grc'>222</span> <span class='ocrx_word' id='word_1_210' title='bbox 768 2784 800 2877; x_wconf 88' lang='lat' dir='ltr'>p.</span> <span class='ocrx_word' id='word_1_211' title='bbox 824 2791 896 2858; x_wconf 84' lang='lat' dir='ltr'>Ohr.</span> <span class='ocrx_word' id='word_1_212' title='bbox 925 2793 1163 2878; x_wconf 88' lang='lat' dir='ltr'>incipientium,</span> <span class='ocrx_word' id='word_1_213' title='bbox 1187 2816 1267 2878; x_wconf 91' lang='lat' dir='ltr'>quos</span> <span class='ocrx_word' id='word_1_214' title='bbox 1292 2794 1480 2858; x_wconf 89' lang='lat' dir='ltr'>Dodwellus</span> 
     </span>
     <span class='ocr_line' id='line_1_24' title="bbox 174 2897 1478 2980; baseline 0.001 -18"><span class='ocrx_word' id='word_1_215' title='bbox 174 2898 278 2962; x_wconf 91' lang='lat' dir='ltr'>editor</span> <span class='ocrx_word' id='word_1_216' title='bbox 296 2899 445 2980; x_wconf 89' lang='lat' dir='ltr'>princeps</span> <span class='ocrx_word' id='word_1_217' title='bbox 464 2898 568 2962; x_wconf 89' lang='lat' dir='ltr'>fastos</span> <span class='ocrx_word' id='word_1_218' title='bbox 587 2897 730 2962; x_wconf 91' lang='lat' dir='ltr'>Heraclii</span> <span class='ocrx_word' id='word_1_219' title='bbox 749 2902 782 2962; x_wconf 89' lang='grc'>11</span> <span class='ocrx_word' id='word_1_220' title='bbox 796 2898 947 2978; x_wconf 87' lang='lat' dir='ltr'>Theonis,</span> <span class='ocrx_word' id='word_1_221' title='bbox 967 2900 1131 2964; x_wconf 83' lang='lat' dir='ltr'>Relandus</span> <span class='ocrx_word' id='word_1_222' title='bbox 1151 2901 1252 2964; x_wconf 88' lang='lat' dir='ltr'>fastos</span> <span class='ocrx_word' id='word_1_223' title='bbox 1273 2900 1478 2963; x_wconf 86' lang='lat' dir='ltr'>Florentinos</span> 
     </span>
     <span class='ocr_line' id='line_1_25' title="bbox 177 3004 1480 3089; baseline 0 -22"><span class='ocrx_word' id='word_1_224' title='bbox 177 3004 315 3068; x_wconf 87' lang='lat' dir='ltr'>maiores</span> <span class='ocrx_word' id='word_1_225' title='bbox 332 3008 364 3068; x_wconf 90' lang='lat' dir='ltr'>et</span> <span class='ocrx_word' id='word_1_226' title='bbox 378 3005 528 3088; x_wconf 86' lang='lat' dir='ltr'>minores,</span> <span class='ocrx_word' id='word_1_227' title='bbox 548 3026 609 3089; x_wconf 85' lang='lat' dir='ltr'>ego</span> <span class='ocrx_word' id='word_1_228' title='bbox 625 3005 760 3089; x_wconf 88' lang='lat' dir='ltr'>denique</span> <span class='ocrx_word' id='word_1_229' title='bbox 779 3005 950 3070; x_wconf 90' lang='lat' dir='ltr'>brevitatis</span> <span class='ocrx_word' id='word_1_230' title='bbox 970 3027 1066 3069; x_wconf 85' lang='lat' dir='ltr'>causa</span> <span class='ocrx_word' id='word_1_231' title='bbox 1086 3005 1259 3070; x_wconf 89' lang='lat' dir='ltr'>secundum</span> <span class='ocrx_word' id='word_1_232' title='bbox 1277 3004 1480 3068; x_wconf 90' lang='lat' dir='ltr'>Dindorfium</span> 
     </span>
     <span class='ocr_line' id='line_1_26' title="bbox 173 3109 1480 3194; baseline -0.001 -21"><span class='ocrx_word' id='word_1_233' title='bbox 173 3112 276 3175; x_wconf 87' lang='lat' dir='ltr'>fastos</span> <span class='ocrx_word' id='word_1_234' title='bbox 311 3131 443 3194; x_wconf 90' lang='lat' dir='ltr'>graecos</span> <span class='ocrx_word' id='word_1_235' title='bbox 473 3109 554 3174; x_wconf 89' lang='lat' dir='ltr'>XIII</span> <span class='ocrx_word' id='word_1_236' title='bbox 583 3119 615 3174; x_wconf 91' lang='lat' dir='ltr'>et</span> <span class='ocrx_word' id='word_1_237' title='bbox 642 3110 720 3174; x_wconf 90' lang='lat' dir='ltr'>XIV</span> <span class='ocrx_word' id='word_1_238' title='bbox 754 3111 1002 3194; x_wconf 85' lang='lat' dir='ltr'>appellavimus,</span> <span class='ocrx_word' id='word_1_239' title='bbox 1035 3132 1178 3194; x_wconf 90' lang='lat' dir='ltr'>quosque</span> <span class='ocrx_word' id='word_1_240' title='bbox 1211 3132 1283 3174; x_wconf 89' lang='lat' dir='ltr'>cum</span> <span class='ocrx_word' id='word_1_241' title='bbox 1316 3110 1480 3173; x_wconf 87' lang='lat' dir='ltr'>codicibus</span> 
     </span>
    </p>
   </div>
   <div class='ocr_carea' id='block_1_3' title="bbox 175 3216 1480 3300">
    <p class='ocr_par' dir='ltr' id='par_1_4' title="bbox 175 3216 1480 3300">
     <span class='ocr_line' id='line_1_27' title="bbox 175 3216 1480 3300; baseline -0.003 -18"><span class='ocrx_word' id='word_1_242' title='bbox 175 3217 305 3300; x_wconf 89' lang='lat' dir='ltr'>optimis</span> <span class='ocrx_word' id='word_1_243' title='bbox 335 3216 553 3282; x_wconf 88' lang='lat' dir='ltr'>Laurentiano</span> <span class='ocrx_word' id='word_1_244' title='bbox 582 3216 739 3300; x_wconf 89' lang='lat' dir='ltr'>XXVIII,</span> <span class='ocrx_word' id='word_1_245' title='bbox 763 3217 805 3281; x_wconf 87' lang='grc'>26</span> <span class='ocrx_word' id='word_1_246' title='bbox 839 3220 872 3279; x_wconf 92' lang='grc'>11</span> <span class='ocrx_word' id='word_1_247' title='bbox 898 3216 1047 3281; x_wconf 88' lang='lat' dir='ltr'>Leidensi</span> <span class='ocrx_word' id='word_1_248' title='bbox 1079 3217 1164 3281; x_wconf 88' lang='lat' dir='ltr'>inter</span> <span class='ocrx_word' id='word_1_249' title='bbox 1196 3216 1369 3280; x_wconf 88' lang='lat' dir='ltr'>orientales</span> <span class='ocrx_word' id='word_1_250' title='bbox 1396 3217 1480 3279; x_wconf 86' lang='grc'><strong>1102</strong></span> 
     </span>
    </p>
   </div>
   <div class='ocr_carea' id='block_1_4' title="bbox 115 3321 1481 4788">
    <p class='ocr_par' dir='ltr' id='par_1_5' title="bbox 115 3321 1481 4788">
     <span class='ocr_line' id='line_1_28' title="bbox 176 3321 1481 3408; baseline -0.005 -20"><span class='ocrx_word' id='word_1_251' title='bbox 176 3323 231 3408; x_wconf 84' lang='grc'><strong>(11.</strong></span> <span class='ocrx_word' id='word_1_252' title='bbox 254 3347 282 3388; x_wconf 95' lang='grc'>1.</span> <span class='ocrx_word' id='word_1_253' title='bbox 303 3324 330 3387; x_wconf 93' lang='lat' dir='ltr'>d.</span> <span class='ocrx_word' id='word_1_254' title='bbox 350 3322 476 3407; x_wconf 87' lang='lat' dir='ltr'>Hagen,</span> <span class='ocrx_word' id='word_1_255' title='bbox 499 3321 592 3387; x_wconf 84' lang='lat' dir='ltr'>Obss</span> <span class='ocrx_word' id='word_1_256' title='bbox 616 3323 650 3386; x_wconf 94' lang='lat' dir='ltr'>in</span> <span class='ocrx_word' id='word_1_257' title='bbox 674 3322 815 3387; x_wconf 85' lang='lat' dir='ltr'>Theonis</span> <span class='ocrx_word' id='word_1_258' title='bbox 839 3323 941 3388; x_wconf 87' lang='grc'><strong>111111</strong></span> <span class='ocrx_word' id='word_1_259' title='bbox 966 3344 1012 3408; x_wconf 84' lang='lat' dir='ltr'>gr.</span> <span class='ocrx_word' id='word_1_260' title='bbox 1035 3349 1063 3404; x_wconf 90' lang='lat' dir='ltr'>p.</span> <span class='ocrx_word' id='word_1_261' title='bbox 1083 3323 1218 3407; x_wconf 88' lang='grc'><strong>32411.)</strong></span> <span class='ocrx_word' id='word_1_262' title='bbox 1243 3322 1481 3386; x_wconf 87' lang='lat' dir='ltr'>accuratissime</span> 
     </span>
     <span class='ocr_line' id='line_1_29' title="bbox 174 3429 1480 3513; baseline -0.003 -18"><span class='ocrx_word' id='word_1_263' title='bbox 174 3430 312 3495; x_wconf 89' lang='lat' dir='ltr'>collatos</span> <span class='ocrx_word' id='word_1_264' title='bbox 346 3429 509 3494; x_wconf 90' lang='lat' dir='ltr'>Useneri</span> <span class='ocrx_word' id='word_1_265' title='bbox 538 3431 675 3494; x_wconf 91' lang='lat' dir='ltr'>comitas</span> <span class='ocrx_word' id='word_1_266' title='bbox 699 3430 778 3493; x_wconf 91' lang='lat' dir='ltr'>mihi</span> <span class='ocrx_word' id='word_1_267' title='bbox 803 3430 1029 3513; x_wconf 89' lang='lat' dir='ltr'>suppeditavit.</span> <span class='ocrx_word' id='word_1_268' title='bbox 1084 3429 1181 3493; x_wconf 89' lang='lat' dir='ltr'>etiam</span> <span class='ocrx_word' id='word_1_269' title='bbox 1210 3429 1257 3511; x_wconf 92' lang='lat' dir='ltr'>hi,</span> <span class='ocrx_word' id='word_1_270' title='bbox 1287 3451 1480 3512; x_wconf 89' lang='lat' dir='ltr'>quamquam</span> 
     </span>
     <span class='ocr_line' id='line_1_30' title="bbox 175 3535 1481 3619; baseline -0.002 -20"><span class='ocrx_word' id='word_1_271' title='bbox 175 3535 300 3599; x_wconf 91' lang='lat' dir='ltr'>mendis</span> <span class='ocrx_word' id='word_1_272' title='bbox 329 3556 423 3598; x_wconf 90' lang='lat' dir='ltr'>omne</span> <span class='ocrx_word' id='word_1_273' title='bbox 451 3556 553 3619; x_wconf 85' lang='lat' dir='ltr'>genus</span> <span class='ocrx_word' id='word_1_274' title='bbox 581 3535 778 3600; x_wconf 84' lang='lat' dir='ltr'>foedissimis</span> <span class='ocrx_word' id='word_1_275' title='bbox 807 3538 948 3616; x_wconf 87' lang='lat' dir='ltr'>scatent,</span> <span class='ocrx_word' id='word_1_276' title='bbox 976 3556 1179 3619; x_wconf 90' lang='lat' dir='ltr'>nequaquam</span> <span class='ocrx_word' id='word_1_277' title='bbox 1204 3535 1373 3618; x_wconf 88' lang='lat' dir='ltr'>spernendi</span> <span class='ocrx_word' id='word_1_278' title='bbox 1397 3538 1481 3598; x_wconf 90' lang='lat' dir='ltr'>sunt.</span> 
     </span>
     <span class='ocr_line' id='line_1_31' title="bbox 175 3637 1480 3725; baseline -0.001 -20"><span class='ocrx_word' id='word_1_279' title='bbox 175 3643 228 3724; x_wconf 93' lang='lat' dir='ltr'>qui</span> <span class='ocrx_word' id='word_1_280' title='bbox 251 3646 380 3725; x_wconf 89' lang='lat' dir='ltr'>praeter</span> <span class='ocrx_word' id='word_1_281' title='bbox 403 3641 463 3706; x_wconf 88' lang='lat' dir='ltr'>hos</span> <span class='ocrx_word' id='word_1_282' title='bbox 494 3642 654 3709; x_wconf 89' lang='lat' dir='ltr'>chronicis</span> <span class='ocrx_word' id='word_1_283' title='bbox 683 3642 749 3704; x_wconf 90' lang='lat' dir='ltr'>suis</span> <span class='ocrx_word' id='word_1_284' title='bbox 777 3642 880 3705; x_wconf 89' lang='lat' dir='ltr'>fastos</span> <span class='ocrx_word' id='word_1_285' title='bbox 910 3640 1094 3705; x_wconf 88' lang='lat' dir='ltr'>consulares</span> <span class='ocrx_word' id='word_1_286' title='bbox 1122 3640 1258 3702; x_wconf 87' lang='lat' dir='ltr'>inseruit</span> <span class='ocrx_word' id='word_1_287' title='bbox 1286 3637 1480 3704; x_wconf 83' lang='lat' dir='ltr'>Cassiodoro</span> 
     </span>
     <span class='ocr_line' id='line_1_32' title="bbox 175 3743 1481 3831; baseline -0.003 -19"><span class='ocrx_word' id='word_1_288' title='bbox 175 3771 239 3814; x_wconf 92' lang='lat' dir='ltr'>non</span> <span class='ocrx_word' id='word_1_289' title='bbox 263 3771 340 3812; x_wconf 87' lang='lat' dir='ltr'>usus</span> <span class='ocrx_word' id='word_1_290' title='bbox 369 3771 440 3812; x_wconf 90' lang='lat' dir='ltr'>sum</span> <span class='ocrx_word' id='word_1_291' title='bbox 468 3748 532 3812; x_wconf 88' lang='lat' dir='ltr'>nisi</span> <span class='ocrx_word' id='word_1_292' title='bbox 560 3770 660 3831; x_wconf 89' lang='lat' dir='ltr'>usque</span> <span class='ocrx_word' id='word_1_293' title='bbox 690 3747 731 3812; x_wconf 90' lang='lat' dir='ltr'>ad</span> <span class='ocrx_word' id='word_1_294' title='bbox 758 3769 878 3812; x_wconf 91' lang='lat' dir='ltr'>annum</span> <span class='ocrx_word' id='word_1_295' title='bbox 903 3747 943 3811; x_wconf 85' lang='lat'>31</span> <span class='ocrx_word' id='word_1_296' title='bbox 973 3749 1049 3829; x_wconf 87' lang='lat' dir='ltr'>post</span> <span class='ocrx_word' id='word_1_297' title='bbox 1072 3743 1155 3830; x_wconf 80' lang='lat' dir='ltr'>Chr,</span> <span class='ocrx_word' id='word_1_298' title='bbox 1179 3746 1332 3830; x_wconf 85' lang='lat' dir='ltr'>quoniam</span> <span class='ocrx_word' id='word_1_299' title='bbox 1357 3745 1384 3809; x_wconf 90' lang='lat' dir='ltr'>is</span> <span class='ocrx_word' id='word_1_300' title='bbox 1408 3747 1481 3809; x_wconf 90' lang='lat' dir='ltr'>inde</span> 
     </span>
     <span class='ocr_line' id='line_1_33' title="bbox 177 3852 1480 3938; baseline -0.003 -19"><span class='ocrx_word' id='word_1_301' title='bbox 177 3857 217 3919; x_wconf 92' lang='lat' dir='ltr'>ab</span> <span class='ocrx_word' id='word_1_302' title='bbox 242 3854 304 3920; x_wconf 92' lang='lat' dir='ltr'>hoc</span> <span class='ocrx_word' id='word_1_303' title='bbox 327 3877 412 3918; x_wconf 92' lang='lat' dir='ltr'>anno</span> <span class='ocrx_word' id='word_1_304' title='bbox 442 3855 609 3919; x_wconf 90' lang='lat' dir='ltr'>consulum</span> <span class='ocrx_word' id='word_1_305' title='bbox 638 3854 776 3938; x_wconf 85' lang='lat' dir='ltr'>collegia</span> <span class='ocrx_word' id='word_1_306' title='bbox 803 3875 869 3917; x_wconf 91' lang='lat' dir='ltr'>non</span> <span class='ocrx_word' id='word_1_307' title='bbox 898 3857 935 3916; x_wconf 90' lang='lat' dir='ltr'>ut</span> <span class='ocrx_word' id='word_1_308' title='bbox 958 3852 991 3916; x_wconf 93' lang='lat' dir='ltr'>in</span> <span class='ocrx_word' id='word_1_309' title='bbox 1016 3852 1122 3935; x_wconf 90' lang='lat' dir='ltr'>priore</span> <span class='ocrx_word' id='word_1_310' title='bbox 1145 3852 1293 3915; x_wconf 86' lang='lat' dir='ltr'>laterculi</span> <span class='ocrx_word' id='word_1_311' title='bbox 1317 3853 1366 3916; x_wconf 89' lang='lat' dir='ltr'>sui</span> <span class='ocrx_word' id='word_1_312' title='bbox 1389 3857 1480 3935; x_wconf 90' lang='lat' dir='ltr'>parte</span> 
     </span>
     <span class='ocr_line' id='line_1_34' title="bbox 176 3958 1481 4044; baseline -0.002 -20"><span class='ocrx_word' id='word_1_313' title='bbox 176 3983 214 4025; x_wconf 91' lang='grc'>11</span> <span class='ocrx_word' id='word_1_314' title='bbox 239 3961 322 4024; x_wconf 89' lang='lat' dir='ltr'>Livii</span> <span class='ocrx_word' id='word_1_315' title='bbox 350 3961 523 4025; x_wconf 86' lang='lat' dir='ltr'>annalibus</span> <span class='ocrx_word' id='word_1_316' title='bbox 551 3961 603 4024; x_wconf 90' lang='grc'>111</span> <span class='ocrx_word' id='word_1_317' title='bbox 631 3961 740 4044; x_wconf 90' lang='lat' dir='ltr'>potius</span> <span class='ocrx_word' id='word_1_318' title='bbox 769 3980 808 4022; x_wconf 92' lang='grc'>11</span> <span class='ocrx_word' id='word_1_319' title='bbox 837 3959 980 4041; x_wconf 91' lang='lat' dir='ltr'>epitoma</span> <span class='ocrx_word' id='word_1_320' title='bbox 1011 3980 1121 4022; x_wconf 79' lang='lat' dir='ltr'>eonrm</span> <span class='ocrx_word' id='word_1_321' title='bbox 1150 3958 1331 4040; x_wconf 90' lang='lat' dir='ltr'>antiquiore</span> <span class='ocrx_word' id='word_1_322' title='bbox 1360 3959 1414 4022; x_wconf 91' lang='lat' dir='ltr'>sed</span> <span class='ocrx_word' id='word_1_323' title='bbox 1444 3981 1481 4021; x_wconf 86' lang='lat' dir='ltr'>ex</span> 
     </span>
     <span class='ocr_line' id='line_1_35' title="bbox 177 4064 1481 4149; baseline -0.002 -18"><span class='ocrx_word' id='word_1_324' title='bbox 177 4067 330 4149; x_wconf 90' lang='lat' dir='ltr'>Victorio,</span> <span class='ocrx_word' id='word_1_325' title='bbox 357 4066 409 4129; x_wconf 92' lang='lat' dir='ltr'>hic</span> <span class='ocrx_word' id='word_1_326' title='bbox 438 4069 546 4129; x_wconf 89' lang='lat' dir='ltr'>autem</span> <span class='ocrx_word' id='word_1_327' title='bbox 575 4088 613 4130; x_wconf 91' lang='lat' dir='ltr'>ex</span> <span class='ocrx_word' id='word_1_328' title='bbox 637 4066 797 4148; x_wconf 90' lang='lat' dir='ltr'>Prospero</span> <span class='ocrx_word' id='word_1_329' title='bbox 820 4065 938 4130; x_wconf 88' lang='lat' dir='ltr'>hausit.</span> <span class='ocrx_word' id='word_1_330' title='bbox 962 4065 1001 4129; x_wconf 88' lang='lat' dir='ltr'>cf.</span> <span class='ocrx_word' id='word_1_331' title='bbox 1025 4065 1218 4146; x_wconf 89' lang='lat' dir='ltr'>Mommsen,</span> <span class='ocrx_word' id='word_1_332' title='bbox 1242 4064 1402 4128; x_wconf 86' lang='lat' dir='ltr'>Abhandl.</span> <span class='ocrx_word' id='word_1_333' title='bbox 1426 4065 1481 4128; x_wconf 91' lang='lat' dir='ltr'>der</span> 
     </span>
     <span class='ocr_line' id='line_1_36' title="bbox 177 4169 1481 4256; baseline -0.002 -19"><span class='ocrx_word' id='word_1_334' title='bbox 177 4173 280 4237; x_wconf 81' lang='lat' dir='ltr'>s&#39;achs.</span> <span class='ocrx_word' id='word_1_335' title='bbox 297 4192 362 4256; x_wconf 91' lang='lat' dir='ltr'>ges.</span> <span class='ocrx_word' id='word_1_336' title='bbox 383 4172 438 4236; x_wconf 89' lang='lat' dir='ltr'>der</span> <span class='ocrx_word' id='word_1_337' title='bbox 457 4173 542 4236; x_wconf 89' lang='lat' dir='ltr'>wiss.</span> <span class='ocrx_word' id='word_1_338' title='bbox 561 4172 728 4255; x_wconf 91' lang='lat' dir='ltr'>hist-phil.</span> <span class='ocrx_word' id='word_1_339' title='bbox 749 4172 787 4235; x_wconf 93' lang='lat' dir='ltr'>cl.</span> <span class='ocrx_word' id='word_1_340' title='bbox 807 4172 948 4254; x_wconf 88' lang='grc'><strong>3,1861,</strong></span> <span class='ocrx_word' id='word_1_341' title='bbox 968 4195 998 4255; x_wconf 89' lang='lat' dir='ltr'>p.</span> <span class='ocrx_word' id='word_1_342' title='bbox 1013 4172 1113 4235; x_wconf 81' lang='grc'><strong>5651.</strong></span> <span class='ocrx_word' id='word_1_343' title='bbox 1150 4192 1222 4234; x_wconf 93' lang='lat' dir='ltr'>cum</span> <span class='ocrx_word' id='word_1_344' title='bbox 1239 4192 1316 4234; x_wconf 88' lang='grc'><strong>1111</strong></span> <span class='ocrx_word' id='word_1_345' title='bbox 1330 4169 1481 4253; x_wconf 86' lang='lat' dir='ltr'>Prosperi</span> 
     </span>
     <span class='ocr_line' id='line_1_37' title="bbox 115 4276 1480 4362; baseline -0.003 -19"><span class='ocrx_word' id='word_1_346' title='bbox 115 4345 118 4351; x_wconf 75' lang='grc'><strong>,</strong></span> <span class='ocrx_word' id='word_1_347' title='bbox 177 4280 317 4344; x_wconf 89' lang='lat' dir='ltr'>editione</span> <span class='ocrx_word' id='word_1_348' title='bbox 352 4279 464 4342; x_wconf 90' lang='lat' dir='ltr'>critica</span> <span class='ocrx_word' id='word_1_349' title='bbox 497 4299 593 4362; x_wconf 83' lang='lat' dir='ltr'>aegre</span> <span class='ocrx_word' id='word_1_350' title='bbox 631 4277 734 4341; x_wconf 90' lang='lat' dir='ltr'>adhuc</span> <span class='ocrx_word' id='word_1_351' title='bbox 767 4300 946 4360; x_wconf 86' lang='lat' dir='ltr'>careamus,</span> <span class='ocrx_word' id='word_1_352' title='bbox 975 4276 1201 4361; x_wconf 85' lang='lat' dir='ltr'>percommode</span> <span class='ocrx_word' id='word_1_353' title='bbox 1234 4276 1363 4358; x_wconf 89' lang='lat' dir='ltr'>accidit,</span> <span class='ocrx_word' id='word_1_354' title='bbox 1395 4277 1480 4360; x_wconf 92' lang='lat' dir='ltr'>quod</span> 
     </span>
     <span class='ocr_line' id='line_1_38' title="bbox 176 4382 1480 4468; baseline -0.003 -17"><span class='ocrx_word' id='word_1_355' title='bbox 176 4386 396 4451; x_wconf 89' lang='lat' dir='ltr'>Mommsenus</span> <span class='ocrx_word' id='word_1_356' title='bbox 429 4386 449 4448; x_wconf 91' lang='grc'>1.</span> <span class='ocrx_word' id='word_1_357' title='bbox 482 4407 507 4448; x_wconf 90' lang='grc'>1.</span> <span class='ocrx_word' id='word_1_358' title='bbox 540 4408 570 4468; x_wconf 92' lang='lat' dir='ltr'>p.</span> <span class='ocrx_word' id='word_1_359' title='bbox 599 4385 718 4449; x_wconf 87' lang='grc'><strong>66111.</strong></span> <span class='ocrx_word' id='word_1_360' title='bbox 750 4384 858 4448; x_wconf 86' lang='grc'><strong>111111</strong></span> <span class='ocrx_word' id='word_1_361' title='bbox 894 4385 1048 4449; x_wconf 88' lang='lat' dir='ltr'>lectiones</span> <span class='ocrx_word' id='word_1_362' title='bbox 1087 4383 1231 4448; x_wconf 88' lang='lat' dir='ltr'>codicum</span> <span class='ocrx_word' id='word_1_363' title='bbox 1264 4382 1480 4447; x_wconf 82' lang='lat' dir='ltr'>Bruxellensis</span> 
     </span>
     <span class='ocr_line' id='line_1_39' title="bbox 178 4488 1480 4576; baseline -0.004 -19"><span class='ocrx_word' id='word_1_364' title='bbox 178 4493 325 4576; x_wconf 89' lang='lat' dir='ltr'>Prosperi</span> <span class='ocrx_word' id='word_1_365' title='bbox 354 4498 387 4555; x_wconf 88' lang='lat' dir='ltr'>et</span> <span class='ocrx_word' id='word_1_366' title='bbox 413 4491 637 4576; x_wconf 84' lang='lat' dir='ltr'>Lugdunensis</span> <span class='ocrx_word' id='word_1_367' title='bbox 668 4488 866 4576; x_wconf 82' lang='lat' dir='ltr'>Scaligerani</span> <span class='ocrx_word' id='word_1_368' title='bbox 895 4493 951 4575; x_wconf 90' lang='grc'>28,</span> <span class='ocrx_word' id='word_1_369' title='bbox 979 4492 1033 4576; x_wconf 92' lang='lat' dir='ltr'>qui</span> <span class='ocrx_word' id='word_1_370' title='bbox 1060 4489 1249 4555; x_wconf 86' lang='lat' dir='ltr'>laterculum</span> <span class='ocrx_word' id='word_1_371' title='bbox 1279 4490 1480 4554; x_wconf 88' lang='lat' dir='ltr'>consularem</span> 
     </span>
     <span class='ocr_line' id='line_1_40' title="bbox 178 4596 1481 4683; baseline -0.005 -20"><span class='ocrx_word' id='word_1_372' title='bbox 178 4622 194 4663; x_wconf 92' lang='lat' dir='ltr'>e</span> <span class='ocrx_word' id='word_1_373' title='bbox 220 4598 357 4663; x_wconf 90' lang='lat' dir='ltr'>Victorii</span> <span class='ocrx_word' id='word_1_374' title='bbox 381 4619 503 4662; x_wconf 91' lang='lat' dir='ltr'>canone</span> <span class='ocrx_word' id='word_1_375' title='bbox 526 4597 672 4683; x_wconf 88' lang='lat' dir='ltr'>paschali</span> <span class='ocrx_word' id='word_1_376' title='bbox 697 4602 880 4681; x_wconf 85' lang='lat' dir='ltr'>excerptum</span> <span class='ocrx_word' id='word_1_377' title='bbox 906 4599 1064 4680; x_wconf 89' lang='lat' dir='ltr'>continet,</span> <span class='ocrx_word' id='word_1_378' title='bbox 1087 4596 1211 4681; x_wconf 90' lang='lat' dir='ltr'>publici</span> <span class='ocrx_word' id='word_1_379' title='bbox 1234 4596 1314 4659; x_wconf 92' lang='lat' dir='ltr'>iuris</span> <span class='ocrx_word' id='word_1_380' title='bbox 1338 4597 1422 4670; x_wconf 88' lang='lat' dir='ltr'>feeit,</span> <span class='ocrx_word' id='word_1_381' title='bbox 1445 4601 1481 4658; x_wconf 84' lang='lat' dir='ltr'>ut</span> 
     </span>
     <span class='ocr_line' id='line_1_41' title="bbox 177 4702 1479 4788; baseline -0.005 -19"><span class='ocrx_word' id='word_1_382' title='bbox 177 4706 276 4770; x_wconf 90' lang='lat' dir='ltr'>etiam</span> <span class='ocrx_word' id='word_1_383' title='bbox 300 4705 337 4769; x_wconf 93' lang='lat' dir='ltr'>de</span> <span class='ocrx_word' id='word_1_384' title='bbox 361 4704 512 4788; x_wconf 89' lang='lat' dir='ltr'>Prosperi</span> <span class='ocrx_word' id='word_1_385' title='bbox 535 4704 723 4770; x_wconf 88' lang='lat' dir='ltr'>testimonio</span> <span class='ocrx_word' id='word_1_386' title='bbox 752 4704 870 4769; x_wconf 88' lang='lat' dir='ltr'>certius</span> <span class='ocrx_word' id='word_1_387' title='bbox 898 4704 1051 4770; x_wconf 90' lang='lat' dir='ltr'>iudicium</span> <span class='ocrx_word' id='word_1_388' title='bbox 1079 4704 1156 4768; x_wconf 88' lang='lat' dir='ltr'>ferri</span> <span class='ocrx_word' id='word_1_389' title='bbox 1178 4705 1291 4788; x_wconf 87' lang='lat' dir='ltr'>possit.</span> <span class='ocrx_word' id='word_1_390' title='bbox 1336 4702 1479 4765; x_wconf 87' lang='lat' dir='ltr'>tabulam</span> 
     </span>
    </p>
   </div>
   <div class='ocr_carea' id='block_1_5' title="bbox 0 0 1674 5430">
    <p class='ocr_par' dir='ltr' id='par_1_6' title="bbox 0 0 1674 5430">
     <span class='ocr_line' id='line_1_42' title="bbox 0 0 1674 5430; baseline 0 0"><span class='ocrx_word' id='word_1_391' title='bbox 0 0 1674 5430; x_wconf 95' lang='lat' dir='ltr'> </span> 
     </span>
    </p>
   </div>
  </div>
 </body>
</html>
