3330 5430
716 366 755 374 -
804 348 941 392 Vll-

251 504 278 555 p.
298 491 331 539 87
351 484 477 539 testim.
497 491 513 539 9
533 485 568 537 ad
588 501 612 539 a.
633 490 684 539 948
708 484 737 537 in
761 485 814 538 fine
840 503 914 539 nuno
933 485 1020 538 addas
1039 486 1139 539 verba:
1166 486 1211 540 ‘of.
1231 504 1302 554 quae
1321 487 1408 542 iidem
1426 487 1479 542 viri

177 574 254 628 docti
272 575 463 629 disseruerunt
480 572 511 626 in
530 573 619 627 diario
638 573 754 628 laudato
775 574 885 628 991911,
909 579 973 628 1881
994 591 1020 642 p.
1040 579 1074 628 82
1094 575 1123 627 et
1143 581 1174 629 19
1194 575 1273 630 Febr.
1293 595 1319 646 p.
1342 578 1412 630 119⁹.

246 681 274 731 p.
294 669 325 716 91
346 661 476 717 testim.
496 662 575 716 ada.
596 668 647 716 959
663 663 725 716 dele
739 662 836 717 verba:
859 661 900 715 Ὃ.
920 663 940 715 Ι.
960 661 990 715 L.
1006 669 1029 728 6,
1045 667 1110 716 863:
1213 663 1240 717 k.
1260 664 1361 718 Febr'.
1380 665 1479 718 titulus

177 749 252 804 enim
271 753 315 804 est
333 750 400 804 anni
419 757 479 805 997.

247 858 273 909 p.
294 846 328 893 93
343 839 558 895 testimoniis
573 839 609 893 ad
624 857 648 894 a.
664 846 715 894 966
730 840 765 893 de
779 837 921 892 Gordiano
936 839 1021 893 adde:
1039 840 1084 893 ‘ct
1100 839 1305 911 Dittenberger‚
1320 841 1437 896 Hermes
1449 849 1480 896 13

174 946 201 997 p.
222 935 255 984 89
274 931 332 982 not.
354 930 390 982 1’.

244 1036 270 1087 p.
292 1025 326 1074 96
345 1019 417 1073 adn.
438 1018 510 1072 crit.
532 1025 547 1072 9
568 1019 653 1072 adde:
675 1019 861 1089 ‘Eodtvuuvoo
875 1037 923 1071 και
942 1020 1083 1078 Σελευκος
1102 1017 1186 1072 Fasti
1203 1036 1244 1088 qr.
1265 1020 1354 1073 XIII
1357 1021 1375 1074 '.

244 1125 271 1176 p.
292 1114 341 1161 108
361 1107 487 1161 testim.
513 1108 549 1160 ad
571 1123 596 1159 a.
622 1112 690 1160 1013
713 1105 744 1158 in
767 1105 821 1159 fine
846 1104 933 1158 adde:
959 1105 1005 1160 ‘ot
1031 1104 1152 1173 Coruini,
1177 1106 1266 1161 Series
1290 1109 1376 1177 praef.
1401 1109 1478 1163 urbis

173 1213 207 1264 p:
222 1201 271 1248 139
282 1195 330 1249 s.'.

245 1303 272 1353 p.
294 1290 342 1336 111
367 1284 438 1338 adn.
463 1282 536 1337 orit.
561 1284 597 1336 ad
620 1300 644 1337 a.
671 1289 738 1337 1099
768 1283 869 1336 addere
898 1282 983 1336 debui
1005 1282 1217 1338 Tillemoutium
1244 1283 1310 1338 hist.
1335 1285 1384 1340 des
1407 1302 1477 1355 emp.

175 1388 243 1427 rom.
263 1379 288 1439 3,
308 1377 359 1425 538
378 1372 435 1424 iam
452 1388 503 1441 pro
524 1372 574 1424 ‘111
591 1389 655 1426 non.
675 1371 767 1424 Febr!
793 1387 837 1439 ap.
856 1369 1009 1439 Vopiscum
1028 1389 1052 1425 v.
1073 1370 1160 1424 Probi
1180 1377 1221 1438 11,
1241 1379 1256 1425 5
1277 1373 1327 1425 ‘III
1344 1391 1408 1428 non.
1428 1375 1478 1428 lul.

174 1460 219 1514 vol
239 1460 320 1528 Aug?
341 1475 475 1527 reponere
498 1459 628 1513 voluisse.
666 1458 806 1514 consentit
829 1458 917 1528 igitur
942 1458 1012 1512 mihi
1032 1459 1180 1526 statuenti,
1200 1461 1377 1515 consulatum
1397 1464 1475 1517 Scor·

174 1547 252 1615 piani
270 1546 300 1600 in
318 1548 502 1616 posteriorem
519 1550 630 1618 partem
649 1547 715 1602 anni
733 1547 873 1602 incidisse.

263 1690 448 1757 Scribebam
472 1692 604 1757 Bonnae
628 1714 737 1757 mense
761 1691 937 1756 Februario
961 1715 988 1756 a.
1015 1694 1108 1759 1881.
